<?xml version="1.0" encoding="UTF-8"?>
<!DOCTYPE html PUBLIC "-//W3C//DTD XHTML 1.0 Transitional//EN"
    "http://www.w3.org/TR/xhtml1/DTD/xhtml1-transitional.dtd">
<html xmlns="http://www.w3.org/1999/xhtml" xml:lang="en" lang="en">
 <head>
  <title>
</title>
<meta http-equiv="Content-Type" content="text/html;charset=utf-8" />
  <meta name='ocr-system' content='tesseract 3.04.00' />
  <meta name='ocr-capabilities' content='ocr_page ocr_carea ocr_par ocr_line ocrx_word'/>
</head>
<body>
  <div class='ocr_page' id='page_1' title='image "./iuvenalisgraeci00thiegoog_0050.png"; bbox 0 0 2828 5002; ppageno 0'>
   <div class='ocr_carea' id='block_1_1' title="bbox 667 363 709 429">
    <p class='ocr_par' dir='ltr' id='par_1_1' title="bbox 667 363 709 429">
     <span class='ocr_line' id='line_1_1' title="bbox 667 363 709 429; baseline 0 0"><span class='ocrx_word' id='word_1_1' title='bbox 667 363 709 429; x_wconf 77' lang='lat'><strong>37</strong></span> 
     </span>
    </p>
   </div>
   <div class='ocr_carea' id='block_1_2' title="bbox 582 452 793 463">
    <p class='ocr_par' dir='ltr' id='par_1_2' title="bbox 582 452 793 463">
     <span class='ocr_line' id='line_1_2' title="bbox 582 452 793 463; baseline 0.005 -1"><span class='ocrx_word' id='word_1_2' title='bbox 582 452 793 463; x_wconf 65' lang='lat' dir='ltr'><strong>-u—-n—n———o</strong></span> 
     </span>
    </p>
   </div>
   <div class='ocr_carea' id='block_1_3' title="bbox 148 556 1244 1076">
    <p class='ocr_par' dir='ltr' id='par_1_3' title="bbox 148 556 1244 1076">
     <span class='ocr_line' id='line_1_3' title="bbox 191 556 1244 648; baseline 0.005 -25"><span class='ocrx_word' id='word_1_3' title='bbox 191 556 296 624; x_wconf 91' lang='lat' dir='ltr'><strong>Poeta</strong></span> <span class='ocrx_word' id='word_1_4' title='bbox 328 577 454 624; x_wconf 89' lang='lat' dir='ltr'><strong>summa</strong></span> <span class='ocrx_word' id='word_1_5' title='bbox 490 578 562 625; x_wconf 90' lang='lat' dir='ltr'><strong>cum</strong></span> <span class='ocrx_word' id='word_1_6' title='bbox 599 559 821 645; x_wconf 83' lang='lat' dir='ltr'><strong>indignatione</strong></span> <span class='ocrx_word' id='word_1_7' title='bbox 857 560 1032 648; x_wconf 91' lang='lat' dir='ltr'><strong>populares</strong></span> <span class='ocrx_word' id='word_1_8' title='bbox 1065 561 1244 642; x_wconf 74' lang='lat' dir='ltr'><strong>cavillatur,</strong></span> 
     </span>
     <span class='ocr_line' id='line_1_4' title="bbox 149 662 1243 752; baseline 0.006 -24"><span class='ocrx_word' id='word_1_9' title='bbox 149 662 210 729; x_wconf 92' lang='lat' dir='ltr'><strong>nod</strong></span> <span class='ocrx_word' id='word_1_10' title='bbox 244 673 438 752; x_wconf 87' lang='lat' dir='ltr'><strong>apparatum</strong></span> <span class='ocrx_word' id='word_1_11' title='bbox 468 666 630 748; x_wconf 88' lang='lat' dir='ltr'><strong>luxuriae,</strong></span> <span class='ocrx_word' id='word_1_12' title='bbox 664 687 760 751; x_wconf 86' lang='lat' dir='ltr'><strong>quam</strong></span> <span class='ocrx_word' id='word_1_13' title='bbox 793 667 946 734; x_wconf 75' lang='lat' dir='ltr'><strong>Graeculi</strong></span> <span class='ocrx_word' id='word_1_14' title='bbox 981 669 1015 734; x_wconf 96' lang='lat' dir='ltr'><strong>in</strong></span> <span class='ocrx_word' id='word_1_15' title='bbox 1051 669 1161 735; x_wconf 88' lang='lat' dir='ltr'><strong>urbem</strong></span> <span class='ocrx_word' id='word_1_16' title='bbox 1199 671 1243 736; x_wconf 91' lang='lat' dir='ltr'><strong>in·</strong></span> 
     </span>
     <span class='ocr_line' id='line_1_5' title="bbox 148 773 1241 854; baseline 0.005 -17"><span class='ocrx_word' id='word_1_17' title='bbox 148 779 289 854; x_wconf 79' lang='lat' dir='ltr'><strong>exerant,</strong></span> <span class='ocrx_word' id='word_1_18' title='bbox 315 773 548 841; x_wconf 86' lang='lat' dir='ltr'><strong>adamaverant</strong></span> <span class='ocrx_word' id='word_1_19' title='bbox 571 775 781 842; x_wconf 80' lang='lat' dir='ltr'><strong>etmalorum</strong></span> <span class='ocrx_word' id='word_1_20' title='bbox 804 775 931 842; x_wconf 86' lang='lat' dir='ltr'><strong>virtutis</strong></span> <span class='ocrx_word' id='word_1_21' title='bbox 960 795 1000 842; x_wconf 89' lang='lat' dir='ltr'><strong>ac</strong></span> <span class='ocrx_word' id='word_1_22' title='bbox 1023 777 1241 843; x_wconf 73' lang='lat' dir='ltr'><strong>continentiae</strong></span> 
     </span>
     <span class='ocr_line' id='line_1_6' title="bbox 148 879 1241 969; baseline 0.005 -26"><span class='ocrx_word' id='word_1_23' title='bbox 148 879 215 945; x_wconf 89' lang='lat' dir='ltr'><strong>bliti</strong></span> <span class='ocrx_word' id='word_1_24' title='bbox 238 882 427 967; x_wconf 90' lang='lat' dir='ltr'><strong>peregrinos</strong></span> <span class='ocrx_word' id='word_1_25' title='bbox 449 901 554 948; x_wconf 89' lang='lat' dir='ltr'><strong>mores</strong></span> <span class='ocrx_word' id='word_1_26' title='bbox 577 882 794 950; x_wconf 86' lang='lat' dir='ltr'><strong>imitabantur.</strong></span> <span class='ocrx_word' id='word_1_27' title='bbox 841 883 892 950; x_wconf 91' lang='lat' dir='ltr'><strong>De</strong></span> <span class='ocrx_word' id='word_1_28' title='bbox 919 883 981 950; x_wconf 84' lang='lat' dir='ltr'><strong>hec</strong></span> <span class='ocrx_word' id='word_1_29' title='bbox 1008 902 1044 950; x_wconf 90' lang='lat' dir='ltr'><strong>re</strong></span> <span class='ocrx_word' id='word_1_30' title='bbox 1071 882 1165 969; x_wconf 91' lang='lat' dir='ltr'><strong>plura</strong></span> <span class='ocrx_word' id='word_1_31' title='bbox 1188 903 1241 949; x_wconf 92' lang='lat' dir='ltr'><strong>ex·</strong></span> 
     </span>
     <span class='ocr_line' id='line_1_7' title="bbox 149 987 813 1076; baseline 0.005 -25"><span class='ocrx_word' id='word_1_32' title='bbox 149 994 284 1054; x_wconf 87' lang='lat' dir='ltr'><strong>onuntur</strong></span> <span class='ocrx_word' id='word_1_33' title='bbox 308 987 387 1074; x_wconf 80' lang='lat' dir='ltr'><strong>Cap.</strong></span> <span class='ocrx_word' id='word_1_34' title='bbox 412 988 453 1070; x_wconf 90' lang='lat' dir='ltr'><strong>ll,</strong></span> <span class='ocrx_word' id='word_1_35' title='bbox 477 989 515 1070; x_wconf 87' lang='lat' dir='ltr'><strong>A,</strong></span> <span class='ocrx_word' id='word_1_36' title='bbox 540 989 604 1070; x_wconf 90' lang='lat' dir='ltr'><strong>BB,</strong></span> <span class='ocrx_word' id='word_1_37' title='bbox 628 988 653 1070; x_wconf 92' lang='grc' dir='ltr'><strong>Ι,</strong></span> <span class='ocrx_word' id='word_1_38' title='bbox 681 993 709 1076; x_wconf 88' lang='lat'><strong>1,</strong></span> <span class='ocrx_word' id='word_1_39' title='bbox 733 1010 763 1076; x_wconf 87' lang='lat' dir='ltr'><strong>a,</strong></span> <span class='ocrx_word' id='word_1_40' title='bbox 786 993 813 1075; x_wconf 89' lang='grc' dir='ltr'><strong>β.</strong></span> 
     </span>
    </p>
   </div>
   <div class='ocr_carea' id='block_1_4' title="bbox 351 1204 1010 1292">
    <p class='ocr_par' dir='ltr' id='par_1_4' title="bbox 351 1204 1010 1292">
     <span class='ocr_line' id='line_1_8' title="bbox 351 1204 1010 1292; baseline 0.003 -23"><span class='ocrx_word' id='word_1_41' title='bbox 351 1204 568 1272; x_wconf 81' lang='lat' dir='ltr'><strong>Pelasunuulus</strong></span> <span class='ocrx_word' id='word_1_42' title='bbox 591 1206 643 1290; x_wconf 89' lang='lat' dir='ltr'><strong>[ex</strong></span> <span class='ocrx_word' id='word_1_43' title='bbox 665 1210 805 1292; x_wconf 87' lang='lat' dir='ltr'><strong>petaso</strong></span> <span class='ocrx_word' id='word_1_44' title='bbox 829 1206 1010 1291; x_wconf 65' lang='grc' dir='ltr'><strong>(πετασώνη.</strong></span> 
     </span>
    </p>
   </div>
   <div class='ocr_carea' id='block_1_5' title="bbox 146 1346 1242 1865">
    <p class='ocr_par' dir='ltr' id='par_1_5' title="bbox 146 1346 1242 1865">
     <span class='ocr_line' id='line_1_9' title="bbox 192 1346 1242 1444; baseline 0.003 -31"><span class='ocrx_word' id='word_1_45' title='bbox 192 1346 260 1444; x_wconf 72' lang='lat' dir='ltr'><strong>vll,</strong></span> <span class='ocrx_word' id='word_1_46' title='bbox 277 1349 354 1415; x_wconf 88' lang='lat'>119:</span> <span class='ocrx_word' id='word_1_47' title='bbox 377 1346 491 1425; x_wconf 76' lang='lat' dir='ltr'><strong>»Quod</strong></span> <span class='ocrx_word' id='word_1_48' title='bbox 506 1349 596 1415; x_wconf 89' lang='lat' dir='ltr'><strong>vocis</strong></span> <span class='ocrx_word' id='word_1_49' title='bbox 612 1347 943 1434; x_wconf 84' lang='lat' dir='ltr'><strong>[iurisconsultorum]</strong></span> <span class='ocrx_word' id='word_1_50' title='bbox 958 1349 1117 1435; x_wconf 79' lang='lat' dir='ltr'><strong>pretium?</strong></span> <span class='ocrx_word' id='word_1_51' title='bbox 1136 1349 1242 1416; x_wconf 91' lang='lat' dir='ltr'><strong>siccus</strong></span> 
     </span>
     <span class='ocr_line' id='line_1_10' title="bbox 761 1458 1177 1543; baseline -0.002 -19"><span class='ocrx_word' id='word_1_52' title='bbox 761 1458 1039 1543; x_wconf 79' lang='lat' dir='ltr'><strong>petasunculus</strong></span> <span class='ocrx_word' id='word_1_53' title='bbox 1063 1463 1096 1524; x_wconf 90' lang='lat' dir='ltr'><strong>et</strong></span> <span class='ocrx_word' id='word_1_54' title='bbox 1118 1477 1177 1524; x_wconf 91' lang='lat' dir='ltr'><strong>vas</strong></span> 
     </span>
     <span class='ocr_line' id='line_1_11' title="bbox 381 1544 622 1630; baseline -0.008 -20"><span class='ocrx_word' id='word_1_55' title='bbox 381 1544 622 1630; x_wconf 83' lang='lat' dir='ltr'><strong>Pelamydum.‹</strong></span> 
     </span>
     <span class='ocr_line' id='line_1_12' title="bbox 192 1669 1241 1771; baseline 0.005 -36"><span class='ocrx_word' id='word_1_56' title='bbox 192 1669 314 1736; x_wconf 83' lang='lat' dir='ltr'><strong>Thom.</strong></span> <span class='ocrx_word' id='word_1_57' title='bbox 339 1670 451 1737; x_wconf 84' lang='lat' dir='ltr'><strong>Thes.</strong></span> <span class='ocrx_word' id='word_1_58' title='bbox 474 1691 505 1756; x_wconf 91' lang='lat' dir='ltr'><strong>p.</strong></span> <span class='ocrx_word' id='word_1_59' title='bbox 528 1673 604 1751; x_wconf 75' lang='lat'><strong>471,</strong></span> <span class='ocrx_word' id='word_1_60' title='bbox 629 1691 653 1740; x_wconf 90' lang='lat' dir='ltr'><strong>s.</strong></span> <span class='ocrx_word' id='word_1_61' title='bbox 677 1692 723 1743; x_wconf 87' lang='lat' dir='ltr'><strong>v.:</strong></span> <span class='ocrx_word' id='word_1_62' title='bbox 746 1671 961 1751; x_wconf 38' lang='lat' dir='ltr'><strong>,aeetasmes</strong></span> <span class='ocrx_word' id='word_1_63' title='bbox 984 1672 1036 1739; x_wconf 93' lang='lat' dir='ltr'><strong>vel</strong></span> <span class='ocrx_word' id='word_1_64' title='bbox 1059 1683 1241 1771; x_wconf 88' lang='lat' dir='ltr'><strong>petasun-</strong></span> 
     </span>
     <span class='ocr_line' id='line_1_13' title="bbox 146 1776 719 1865; baseline 0 -25"><span class='ocrx_word' id='word_1_65' title='bbox 146 1776 204 1842; x_wconf 86' lang='lat' dir='ltr'><strong>cnli</strong></span> <span class='ocrx_word' id='word_1_66' title='bbox 224 1779 375 1858; x_wconf 79' lang='lat' dir='ltr'><strong>bacones,</strong></span> <span class='ocrx_word' id='word_1_67' title='bbox 400 1798 521 1865; x_wconf 82' lang='lat' dir='ltr'><strong>pomae</strong></span> <span class='ocrx_word' id='word_1_68' title='bbox 545 1779 719 1846; x_wconf 79' lang='lat' dir='ltr'><strong>carnium&lt;</strong></span> 
     </span>
    </p>
   </div>
   <div class='ocr_carea' id='block_1_6' title="bbox 146 1903 1241 2188">
    <p class='ocr_par' dir='ltr' id='par_1_6' title="bbox 146 1903 1241 2188">
     <span class='ocr_line' id='line_1_14' title="bbox 195 1903 1241 1992; baseline 0.006 -26"><span class='ocrx_word' id='word_1_69' title='bbox 195 1903 389 1970; x_wconf 87' lang='lat' dir='ltr'><strong>Vocabulum</strong></span> <span class='ocrx_word' id='word_1_70' title='bbox 412 1911 576 1972; x_wconf 81' lang='grc' dir='ltr'>πεταοὼν</span> <span class='ocrx_word' id='word_1_71' title='bbox 599 1904 687 1991; x_wconf 89' lang='lat' dir='ltr'><strong>apud</strong></span> <span class='ocrx_word' id='word_1_72' title='bbox 711 1905 853 1972; x_wconf 87' lang='lat' dir='ltr'><strong>nullum</strong></span> <span class='ocrx_word' id='word_1_73' title='bbox 873 1905 1100 1992; x_wconf 88' lang='lat' dir='ltr'><strong>scriptorem</strong></span> <span class='ocrx_word' id='word_1_74' title='bbox 1122 1905 1241 1972; x_wconf 83' lang='lat' dir='ltr'><strong>Grae·</strong></span> 
     </span>
     <span class='ocr_line' id='line_1_15' title="bbox 146 2012 354 2098; baseline 0.043 -27"><span class='ocrx_word' id='word_1_75' title='bbox 146 2025 205 2076; x_wconf 85' lang='lat' dir='ltr'><strong>eum</strong></span> <span class='ocrx_word' id='word_1_76' title='bbox 226 2012 354 2098; x_wconf 89' lang='lat' dir='ltr'><strong>legitur.</strong></span> 
     </span>
     <span class='ocr_line' id='line_1_16' title="bbox 484 2121 875 2188; baseline 0 -1"><span class='ocrx_word' id='word_1_77' title='bbox 484 2121 525 2187; x_wconf 94' lang='lat' dir='ltr'><strong>In</strong></span> <span class='ocrx_word' id='word_1_78' title='bbox 549 2121 698 2188; x_wconf 88' lang='lat' dir='ltr'><strong>litteris</strong></span> <span class='ocrx_word' id='word_1_79' title='bbox 722 2121 875 2188; x_wconf 76' lang='lat' dir='ltr'><strong>ballnis</strong></span> 
     </span>
    </p>
   </div>
   <div class='ocr_carea' id='block_1_7' title="bbox 145 2240 1238 2340">
    <p class='ocr_par' dir='ltr' id='par_1_7' title="bbox 145 2240 1238 2340">
     <span class='ocr_line' id='line_1_17' title="bbox 145 2240 1238 2340; baseline 0.007 -36"><span class='ocrx_word' id='word_1_80' title='bbox 145 2240 243 2324; x_wconf 84' lang='lat' dir='ltr'><strong>primus</strong></span> <span class='ocrx_word' id='word_1_81' title='bbox 264 2246 372 2315; x_wconf 88' lang='lat' dir='ltr'><strong>Mart.</strong></span> <span class='ocrx_word' id='word_1_82' title='bbox 396 2245 454 2332; x_wconf 89' lang='lat'><strong>111,</strong></span> <span class='ocrx_word' id='word_1_83' title='bbox 480 2250 531 2329; x_wconf 80' lang='lat' dir='ltr'><strong>II,</strong></span> <span class='ocrx_word' id='word_1_84' title='bbox 556 2251 585 2317; x_wconf 86' lang='lat'><strong>6.</strong></span> <span class='ocrx_word' id='word_1_85' title='bbox 630 2247 720 2332; x_wconf 87' lang='lat' dir='ltr'><strong>XIII,</strong></span> <span class='ocrx_word' id='word_1_86' title='bbox 745 2250 798 2340; x_wconf 72' lang='grc'><strong>54,</strong></span> <span class='ocrx_word' id='word_1_87' title='bbox 823 2250 858 2324; x_wconf 73' lang='lat'><strong>23</strong></span> <span class='ocrx_word' id='word_1_88' title='bbox 888 2249 940 2327; x_wconf 86' lang='lat'><strong>55,</strong></span> <span class='ocrx_word' id='word_1_89' title='bbox 964 2248 1000 2312; x_wconf 87' lang='lat' dir='ltr'><strong>L.</strong></span> <span class='ocrx_word' id='word_1_90' title='bbox 1026 2253 1058 2313; x_wconf 85' lang='lat' dir='ltr'><strong>et</strong></span> <span class='ocrx_word' id='word_1_91' title='bbox 1081 2249 1102 2314; x_wconf 77' lang='lat'><strong>2</strong></span> <span class='ocrx_word' id='word_1_92' title='bbox 1124 2265 1238 2313; x_wconf 83' lang='lat' dir='ltr'><strong>vocem</strong></span> 
     </span>
    </p>
   </div>
   <div class='ocr_carea' id='block_1_8' title="bbox 145 2353 421 2429">
    <p class='ocr_par' dir='ltr' id='par_1_8' title="bbox 145 2353 421 2429">
     <span class='ocr_line' id='line_1_18' title="bbox 145 2353 421 2429; baseline 0.033 -17"><span class='ocrx_word' id='word_1_93' title='bbox 145 2355 257 2429; x_wconf 89' lang='lat' dir='ltr'><strong>petaso</strong></span> <span class='ocrx_word' id='word_1_94' title='bbox 282 2353 421 2421; x_wconf 90' lang='lat' dir='ltr'><strong>exbibet.</strong></span> 
     </span>
    </p>
   </div>
   <div class='ocr_carea' id='block_1_9' title="bbox 143 2475 1238 3427">
    <p class='ocr_par' dir='ltr' id='par_1_9' title="bbox 144 2475 1238 2881">
     <span class='ocr_line' id='line_1_19' title="bbox 193 2475 1236 2566; baseline 0.001 -24"><span class='ocrx_word' id='word_1_95' title='bbox 193 2475 384 2545; x_wconf 86' lang='lat' dir='ltr'><strong>Vocabulum</strong></span> <span class='ocrx_word' id='word_1_96' title='bbox 412 2479 690 2566; x_wconf 89' lang='lat' dir='ltr'><strong>petasunculus</strong></span> <span class='ocrx_word' id='word_1_97' title='bbox 719 2480 764 2545; x_wconf 88' lang='lat' dir='ltr'><strong>ab</strong></span> <span class='ocrx_word' id='word_1_98' title='bbox 793 2479 978 2545; x_wconf 88' lang='lat' dir='ltr'><strong>Iuvenale</strong></span> <span class='ocrx_word' id='word_1_99' title='bbox 1005 2478 1133 2544; x_wconf 86' lang='lat' dir='ltr'><strong>videtur</strong></span> <span class='ocrx_word' id='word_1_100' title='bbox 1160 2478 1236 2544; x_wconf 85' lang='lat' dir='ltr'><strong>for·</strong></span> 
     </span>
     <span class='ocr_line' id='line_1_20' title="bbox 145 2585 1238 2673; baseline 0.004 -26"><span class='ocrx_word' id='word_1_101' title='bbox 145 2589 257 2651; x_wconf 84' lang='lat' dir='ltr'><strong>natum</strong></span> <span class='ocrx_word' id='word_1_102' title='bbox 281 2606 364 2656; x_wconf 87' lang='lat' dir='ltr'><strong>esse.</strong></span> <span class='ocrx_word' id='word_1_103' title='bbox 412 2588 482 2654; x_wconf 92' lang='lat' dir='ltr'><strong>Hoc</strong></span> <span class='ocrx_word' id='word_1_104' title='bbox 504 2587 576 2654; x_wconf 89' lang='lat' dir='ltr'><strong>loco</strong></span> <span class='ocrx_word' id='word_1_105' title='bbox 600 2594 708 2673; x_wconf 89' lang='lat' dir='ltr'><strong>poeta,</strong></span> <span class='ocrx_word' id='word_1_106' title='bbox 733 2587 787 2672; x_wconf 92' lang='lat' dir='ltr'><strong>qui</strong></span> <span class='ocrx_word' id='word_1_107' title='bbox 810 2606 890 2654; x_wconf 90' lang='lat' dir='ltr'><strong>voce</strong></span> <span class='ocrx_word' id='word_1_108' title='bbox 913 2586 1020 2654; x_wconf 90' lang='lat' dir='ltr'><strong>solus</strong></span> <span class='ocrx_word' id='word_1_109' title='bbox 1044 2585 1151 2664; x_wconf 86' lang='lat' dir='ltr'><strong>ulitur,</strong></span> <span class='ocrx_word' id='word_1_110' title='bbox 1178 2606 1238 2672; x_wconf 90' lang='lat' dir='ltr'><strong>per</strong></span> 
     </span>
     <span class='ocr_line' id='line_1_21' title="bbox 144 2693 1235 2781; baseline 0.003 -26"><span class='ocrx_word' id='word_1_111' title='bbox 144 2695 334 2781; x_wconf 74' lang='lat' dir='ltr'><strong>corumptum</strong></span> <span class='ocrx_word' id='word_1_112' title='bbox 366 2700 515 2781; x_wconf 89' lang='lat' dir='ltr'><strong>petasoni</strong></span> <span class='ocrx_word' id='word_1_113' title='bbox 552 2695 672 2762; x_wconf 91' lang='lat' dir='ltr'><strong>recenti</strong></span> <span class='ocrx_word' id='word_1_114' title='bbox 711 2694 906 2761; x_wconf 89' lang='lat' dir='ltr'><strong>exsiccatum</strong></span> <span class='ocrx_word' id='word_1_115' title='bbox 943 2693 1235 2781; x_wconf 85' lang='lat' dir='ltr'><strong>petasunculum</strong></span> 
     </span>
     <span class='ocr_line' id='line_1_22' title="bbox 144 2802 259 2881; baseline 0.043 -17"><span class='ocrx_word' id='word_1_116' title='bbox 144 2802 259 2881; x_wconf 78' lang='lat' dir='ltr'><strong>opponit</strong></span> 
     </span>
    </p>

    <p class='ocr_par' dir='ltr' id='par_1_10' title="bbox 143 2923 1236 3427">
     <span class='ocr_line' id='line_1_23' title="bbox 191 2923 1235 2997; baseline 0.003 -8"><span class='ocrx_word' id='word_1_117' title='bbox 191 2923 236 2994; x_wconf 90' lang='lat' dir='ltr'><strong>De</strong></span> <span class='ocrx_word' id='word_1_118' title='bbox 262 2927 357 2995; x_wconf 92' lang='lat' dir='ltr'><strong>buius</strong></span> <span class='ocrx_word' id='word_1_119' title='bbox 384 2928 533 2995; x_wconf 90' lang='lat' dir='ltr'><strong>vocabuli</strong></span> <span class='ocrx_word' id='word_1_120' title='bbox 562 2928 683 2994; x_wconf 83' lang='lat' dir='ltr'><strong>forma</strong></span> <span class='ocrx_word' id='word_1_121' title='bbox 713 2928 754 2997; x_wconf 88' lang='lat' dir='ltr'><strong>cf.</strong></span> <span class='ocrx_word' id='word_1_122' title='bbox 784 2928 819 2993; x_wconf 88' lang='lat' dir='ltr'><strong>L.</strong></span> <span class='ocrx_word' id='word_1_123' title='bbox 849 2925 1051 2994; x_wconf 86' lang='lat' dir='ltr'><strong>Schwabe:</strong></span> <span class='ocrx_word' id='word_1_124' title='bbox 1086 2926 1141 2993; x_wconf 92' lang='lat' dir='ltr'><strong>De</strong></span> <span class='ocrx_word' id='word_1_125' title='bbox 1174 2925 1235 2992; x_wconf 94' lang='lat' dir='ltr'><strong>de·</strong></span> 
     </span>
     <span class='ocr_line' id='line_1_24' title="bbox 144 3026 1236 3103; baseline 0.002 -7"><span class='ocrx_word' id='word_1_126' title='bbox 144 3026 315 3103; x_wconf 85' lang='lat' dir='ltr'><strong>ninutivis</strong></span> <span class='ocrx_word' id='word_1_127' title='bbox 353 3034 487 3102; x_wconf 87' lang='lat' dir='ltr'><strong>Graecis</strong></span> <span class='ocrx_word' id='word_1_128' title='bbox 524 3042 557 3102; x_wconf 92' lang='lat' dir='ltr'><strong>et</strong></span> <span class='ocrx_word' id='word_1_129' title='bbox 591 3033 725 3102; x_wconf 88' lang='lat' dir='ltr'><strong>Latinis.</strong></span> <span class='ocrx_word' id='word_1_130' title='bbox 781 3034 900 3103; x_wconf 86' lang='lat' dir='ltr'><strong>Gissae</strong></span> <span class='ocrx_word' id='word_1_131' title='bbox 938 3035 1035 3101; x_wconf 82' lang='lat'><strong>1859.</strong></span> <span class='ocrx_word' id='word_1_132' title='bbox 1091 3033 1151 3098; x_wconf 81' lang='lat' dir='ltr'><strong>HIc</strong></span> <span class='ocrx_word' id='word_1_133' title='bbox 1187 3033 1236 3099; x_wconf 88' lang='lat' dir='ltr'><strong>vir</strong></span> 
     </span>
     <span class='ocr_line' id='line_1_25' title="bbox 144 3127 1234 3230; baseline 0.003 -27"><span class='ocrx_word' id='word_1_134' title='bbox 144 3127 232 3208; x_wconf 80' lang='lat' dir='ltr'><strong>Itctus</strong></span> <span class='ocrx_word' id='word_1_135' title='bbox 253 3141 275 3208; x_wconf 90' lang='lat' dir='ltr'><strong>l.</strong></span> <span class='ocrx_word' id='word_1_136' title='bbox 292 3143 313 3212; x_wconf 92' lang='lat' dir='ltr'><strong>l.</strong></span> <span class='ocrx_word' id='word_1_137' title='bbox 328 3164 359 3230; x_wconf 87' lang='lat' dir='ltr'><strong>p.</strong></span> <span class='ocrx_word' id='word_1_138' title='bbox 374 3145 418 3211; x_wconf 87' lang='grc'><strong>60</strong></span> <span class='ocrx_word' id='word_1_139' title='bbox 440 3142 486 3209; x_wconf 93' lang='lat' dir='ltr'><strong>de</strong></span> <span class='ocrx_word' id='word_1_140' title='bbox 510 3142 613 3210; x_wconf 86' lang='lat' dir='ltr'><strong>falsa</strong></span> <span class='ocrx_word' id='word_1_141' title='bbox 636 3143 756 3209; x_wconf 89' lang='lat' dir='ltr'><strong>forma</strong></span> <span class='ocrx_word' id='word_1_142' title='bbox 779 3142 948 3209; x_wconf 87' lang='lat' dir='ltr'><strong>multorum</strong></span> <span class='ocrx_word' id='word_1_143' title='bbox 968 3140 1234 3208; x_wconf 90' lang='lat' dir='ltr'><strong>deminutivorum</strong></span> 
     </span>
     <span class='ocr_line' id='line_1_26' title="bbox 143 3235 1234 3335; baseline 0.006 -28"><span class='ocrx_word' id='word_1_144' title='bbox 143 3235 303 3316; x_wconf 74' lang='lat' dir='ltr'><strong>Latinorum</strong></span> <span class='ocrx_word' id='word_1_145' title='bbox 327 3249 472 3331; x_wconf 90' lang='lat' dir='ltr'><strong>disserit,</strong></span> <span class='ocrx_word' id='word_1_146' title='bbox 502 3272 564 3335; x_wconf 93' lang='lat' dir='ltr'><strong>quo</strong></span> <span class='ocrx_word' id='word_1_147' title='bbox 591 3249 663 3318; x_wconf 92' lang='lat' dir='ltr'><strong>loco</strong></span> <span class='ocrx_word' id='word_1_148' title='bbox 691 3251 782 3317; x_wconf 89' lang='lat' dir='ltr'><strong>vocis</strong></span> <span class='ocrx_word' id='word_1_149' title='bbox 806 3269 933 3334; x_wconf 88' lang='lat' dir='ltr'><strong>quoque</strong></span> <span class='ocrx_word' id='word_1_150' title='bbox 955 3249 1234 3335; x_wconf 88' lang='lat' dir='ltr'><strong>petasunculus</strong></span> 
     </span>
     <span class='ocr_line' id='line_1_27' title="bbox 143 3356 421 3427; baseline 0.032 -9"><span class='ocrx_word' id='word_1_151' title='bbox 143 3356 308 3424; x_wconf 84' lang='lat' dir='ltr'><strong>tentionem</strong></span> <span class='ocrx_word' id='word_1_152' title='bbox 332 3357 421 3427; x_wconf 85' lang='lat' dir='ltr'><strong>facit.</strong></span> 
     </span>
    </p>
   </div>
   <div class='ocr_carea' id='block_1_10' title="bbox 142 3479 1233 3891">
    <p class='ocr_par' dir='ltr' id='par_1_11' title="bbox 142 3479 1233 3891">
     <span class='ocr_line' id='line_1_28' title="bbox 186 3479 1233 3567; baseline 0 -19"><span class='ocrx_word' id='word_1_153' title='bbox 186 3482 233 3550; x_wconf 89' lang='lat' dir='ltr'><strong>De</strong></span> <span class='ocrx_word' id='word_1_154' title='bbox 269 3482 419 3549; x_wconf 90' lang='lat' dir='ltr'><strong>vocabuli</strong></span> <span class='ocrx_word' id='word_1_155' title='bbox 457 3482 755 3567; x_wconf 85' lang='lat' dir='ltr'><strong>significatione</strong></span> <span class='ocrx_word' id='word_1_156' title='bbox 795 3480 871 3547; x_wconf 88' lang='lat' dir='ltr'><strong>vide</strong></span> <span class='ocrx_word' id='word_1_157' title='bbox 912 3480 1047 3548; x_wconf 85' lang='lat' dir='ltr'><strong>Gustav.</strong></span> <span class='ocrx_word' id='word_1_158' title='bbox 1085 3479 1233 3548; x_wconf 87' lang='lat' dir='ltr'><strong>Mttller:</strong></span> 
     </span>
     <span class='ocr_line' id='line_1_29' title="bbox 143 3580 1232 3677; baseline -0.003 -22"><span class='ocrx_word' id='word_1_159' title='bbox 143 3580 169 3655; x_wconf 71' lang='lat' dir='ltr'><strong>le</strong></span> <span class='ocrx_word' id='word_1_160' title='bbox 198 3590 329 3675; x_wconf 87' lang='lat' dir='ltr'><strong>linguae</strong></span> <span class='ocrx_word' id='word_1_161' title='bbox 361 3589 499 3657; x_wconf 84' lang='lat' dir='ltr'><strong>Latinae</strong></span> <span class='ocrx_word' id='word_1_162' title='bbox 532 3589 788 3656; x_wconf 89' lang='lat' dir='ltr'><strong>deminutivis.</strong></span> <span class='ocrx_word' id='word_1_163' title='bbox 833 3587 970 3677; x_wconf 82' lang='lat' dir='ltr'><strong>Leipzig</strong></span> <span class='ocrx_word' id='word_1_164' title='bbox 1002 3587 1232 3672; x_wconf 84' lang='lat' dir='ltr'><strong>(Kbnigsberg)</strong></span> 
     </span>
     <span class='ocr_line' id='line_1_30' title="bbox 144 3695 1231 3785; baseline -0.006 -19"><span class='ocrx_word' id='word_1_165' title='bbox 144 3699 221 3783; x_wconf 81' lang='lat'><strong>865,</strong></span> <span class='ocrx_word' id='word_1_166' title='bbox 228 3720 260 3785; x_wconf 93' lang='lat' dir='ltr'><strong>p.</strong></span> <span class='ocrx_word' id='word_1_167' title='bbox 276 3701 330 3778; x_wconf 83' lang='lat'><strong>82,</strong></span> <span class='ocrx_word' id='word_1_168' title='bbox 356 3697 410 3781; x_wconf 92' lang='lat' dir='ltr'><strong>qui</strong></span> <span class='ocrx_word' id='word_1_169' title='bbox 435 3698 566 3784; x_wconf 85' lang='lat' dir='ltr'><strong>exponit</strong></span> <span class='ocrx_word' id='word_1_170' title='bbox 586 3696 784 3762; x_wconf 89' lang='lat' dir='ltr'><strong>deminutiva</strong></span> <span class='ocrx_word' id='word_1_171' title='bbox 803 3695 921 3761; x_wconf 88' lang='lat' dir='ltr'><strong>Latina</strong></span> <span class='ocrx_word' id='word_1_172' title='bbox 939 3695 971 3761; x_wconf 96' lang='lat' dir='ltr'><strong>in</strong></span> <span class='ocrx_word' id='word_1_173' title='bbox 991 3695 1231 3762; x_wconf 88' lang='lat' dir='ltr'><strong>terminationes</strong></span> 
     </span>
     <span class='ocr_line' id='line_1_31' title="bbox 142 3802 1231 3891; baseline -0.004 -19"><span class='ocrx_word' id='word_1_174' title='bbox 142 3808 195 3872; x_wconf 69' lang='lat' dir='ltr'><strong>aaa</strong></span> <span class='ocrx_word' id='word_1_175' title='bbox 232 3812 264 3872; x_wconf 91' lang='lat' dir='ltr'><strong>et</strong></span> <span class='ocrx_word' id='word_1_176' title='bbox 295 3807 379 3871; x_wconf 74' lang='lat' dir='ltr'><strong>ulus</strong></span> <span class='ocrx_word' id='word_1_177' title='bbox 417 3805 567 3872; x_wconf 85' lang='lat' dir='ltr'><strong>exeuntia</strong></span> <span class='ocrx_word' id='word_1_178' title='bbox 603 3804 792 3891; x_wconf 91' lang='lat' dir='ltr'><strong>plerumque</strong></span> <span class='ocrx_word' id='word_1_179' title='bbox 828 3823 909 3870; x_wconf 88' lang='lat' dir='ltr'><strong>cum</strong></span> <span class='ocrx_word' id='word_1_180' title='bbox 946 3802 1231 3887; x_wconf 88' lang='lat' dir='ltr'><strong>contemptione</strong></span> 
     </span>
    </p>
   </div>
   <div class='ocr_carea' id='block_1_11' title="bbox 142 3932 1137 4157">
    <p class='ocr_par' dir='ltr' id='par_1_12' title="bbox 142 3932 1137 4157">
     <span class='ocr_line' id='line_1_32' title="bbox 142 3932 271 3999; baseline -0.039 -17"><span class='ocrx_word' id='word_1_181' title='bbox 142 3932 271 3999; x_wconf 74' lang='lat' dir='ltr'><strong>turpans.</strong></span> 
     </span>
     <span class='ocr_line' id='line_1_33' title="bbox 205 4069 1137 4157; baseline -0.01 -15"><span class='ocrx_word' id='word_1_182' title='bbox 205 4072 380 4142; x_wconf 82' lang='lat' dir='ltr'><strong>*Stoicidae</strong></span> <span class='ocrx_word' id='word_1_183' title='bbox 406 4071 458 4155; x_wconf 89' lang='lat' dir='ltr'><strong>(cf.</strong></span> <span class='ocrx_word' id='word_1_184' title='bbox 482 4093 513 4157; x_wconf 93' lang='lat' dir='ltr'><strong>p.</strong></span> <span class='ocrx_word' id='word_1_185' title='bbox 540 4075 580 4139; x_wconf 83' lang='lat'><strong>19</strong></span> <span class='ocrx_word' id='word_1_186' title='bbox 605 4071 693 4154; x_wconf 90' lang='lat' dir='ltr'><strong>adn.)</strong></span> <span class='ocrx_word' id='word_1_187' title='bbox 717 4072 769 4157; x_wconf 85' lang='lat' dir='ltr'><strong>[ex</strong></span> <span class='ocrx_word' id='word_1_188' title='bbox 793 4069 939 4137; x_wconf 91' lang='lat' dir='ltr'><strong>stoicus</strong></span> <span class='ocrx_word' id='word_1_189' title='bbox 963 4069 1137 4154; x_wconf 67' lang='grc' dir='ltr'><strong>(στωῖκόςη.</strong></span> 
     </span>
    </p>
   </div>
   <div class='ocr_carea' id='block_1_12' title="bbox 176 4212 1230 4407">
    <p class='ocr_par' dir='ltr' id='par_1_13' title="bbox 176 4212 1230 4407">
     <span class='ocr_line' id='line_1_34' title="bbox 176 4212 1230 4300; baseline -0.008 -15"><span class='ocrx_word' id='word_1_190' title='bbox 176 4219 219 4298; x_wconf 87' lang='grc' dir='ltr'><strong>ΙΙ,</strong></span> <span class='ocrx_word' id='word_1_191' title='bbox 235 4220 293 4286; x_wconf 76' lang='lat'><strong>65:</strong></span> <span class='ocrx_word' id='word_1_192' title='bbox 330 4216 514 4299; x_wconf 79' lang='lat' dir='ltr'><strong>»Fugerunt</strong></span> <span class='ocrx_word' id='word_1_193' title='bbox 538 4213 655 4300; x_wconf 87' lang='lat' dir='ltr'><strong>trepidi</strong></span> <span class='ocrx_word' id='word_1_194' title='bbox 679 4234 757 4281; x_wconf 88' lang='lat' dir='ltr'><strong>vera</strong></span> <span class='ocrx_word' id='word_1_195' title='bbox 780 4233 819 4280; x_wconf 89' lang='lat' dir='ltr'><strong>ac</strong></span> <span class='ocrx_word' id='word_1_196' title='bbox 841 4213 1015 4281; x_wconf 85' lang='lat' dir='ltr'><strong>manifesta</strong></span> <span class='ocrx_word' id='word_1_197' title='bbox 1037 4212 1230 4299; x_wconf 72' lang='lat' dir='ltr'><strong>[baroniam</strong></span> 
     </span>
     <span class='ocr_line' id='line_1_35' title="bbox 489 4321 1229 4407; baseline 0.003 -20"><span class='ocrx_word' id='word_1_198' title='bbox 489 4342 572 4405; x_wconf 88' lang='lat' dir='ltr'><strong>quae</strong></span> <span class='ocrx_word' id='word_1_199' title='bbox 595 4323 732 4389; x_wconf 89' lang='lat' dir='ltr'><strong>virorum</strong></span> <span class='ocrx_word' id='word_1_200' title='bbox 756 4323 836 4390; x_wconf 87' lang='lat' dir='ltr'><strong>vitia</strong></span> <span class='ocrx_word' id='word_1_201' title='bbox 860 4321 1036 4407; x_wconf 85' lang='lat' dir='ltr'><strong>detexerat]</strong></span> <span class='ocrx_word' id='word_1_202' title='bbox 1061 4327 1229 4390; x_wconf 86' lang='lat' dir='ltr'><strong>canentem</strong></span> 
     </span>
    </p>
   </div>
   <div class='ocr_carea' id='block_1_13' title="bbox 327 4427 553 4502">
    <p class='ocr_par' dir='ltr' id='par_1_14' title="bbox 327 4427 553 4502">
     <span class='ocr_line' id='line_1_36' title="bbox 327 4427 553 4502; baseline -0.031 0"><span class='ocrx_word' id='word_1_203' title='bbox 327 4427 553 4502; x_wconf 75' lang='lat' dir='ltr'><strong>Stoicidae«</strong></span> 
     </span>
    </p>
   </div>
   <div class='ocr_carea' id='block_1_14' title="bbox 0 0 1418 5002">
    <p class='ocr_par' dir='ltr' id='par_1_15' title="bbox 0 0 1418 5002">
     <span class='ocr_line' id='line_1_37' title="bbox 0 0 1418 5002; baseline 0 4"><span class='ocrx_word' id='word_1_204' title='bbox 0 0 1418 5002; x_wconf 95' lang='lat' dir='ltr'><strong> </strong></span> 
     </span>
    </p>
   </div>
  </div>
 </body>
</html>
