2828 5002
685 350 728 419 88

602 441 813 453 ——m

216 546 338 617 Schol.
366 547 408 614 ad
436 548 467 617 h.
491 549 526 617 l.:
563 546 644 626 »Qui
673 550 732 616 nuh
760 553 927 633 praetextu
960 543 1187 633 philosophiae
1217 544 1247 608 in·

149 656 280 722 lamiam
295 663 459 737 exercent;
484 656 562 724 dicit
576 657 814 741 contumeliose,
834 665 868 722 ut
884 656 979 739 Verg.
995 655 1087 739 [Aen.
1103 653 1157 733 lX,
1173 653 1247 736 hill:

149 763 186 850 ,O
214 784 290 831 vere
318 763 502 849 Phrygiae‘,
530 765 618 831 Pers.
644 764 679 850 [1‚
697 765 745 850 41:
769 762 979 850 ,Troiades‘.«

216 890 413 956 Vocabulum
438 889 639 956 Stoicidae
665 889 698 955 in
725 889 842 956 litteris
870 909 974 972 neque
997 887 1134 954 Graecis
1162 905 1247 969 neque

149 997 275 1064 Latinis
311 998 470 1063 invenitur
507 1003 635 1084 praeter
671 997 754 1063 hunc
790 994 909 1080 locum,
954 995 1158 1061 Iuvenalis
1192 994 1246 1079 ipse

149 1125 261 1172 vocem
293 1103 336 1171 ad
366 1104 544 1189 exemplum
572 1103 722 1170 similium
751 1103 912 1169 nominum
941 1103 1143 1189 propriorum
1166 1100 1243 1167 Grae·

150 1233 267 1294 eornm,
292 1217 327 1276 nt
351 1209 519 1290 Aeacides,
543 1210 696 1278 videtur
719 1211 991 1294 formavisse.¹)

217 1336 398 1418 Quaeritur,
423 1336 583 1422 quomodo
601 1336 691 1404 vocis
715 1335 915 1404 Stoicidae
938 1343 971 1402 et
994 1336 1099 1402 forma
1123 1342 1155 1402 et
1176 1334 1242 1399 notio

151 1447 193 1513 sit
216 1445 436 1532 explanandam
470 1445 604 1512 formam
627 1445 711 1512 enim
735 1465 755 1511 a
777 1444 1083 1531 patronymicorum,
1113 1463 1192 1527 quae
1211 1439 1242 1504 di·

151 1559 272 1632 cuntur,
297 1573 370 1620 esse
393 1554 490 1638 longe
513 1552 675 1621 diversam
698 1553 753 1619 rix
777 1552 948 1636 qnisquam
971 1552 1108 1635 ignoret.

217 1677 400 1745 Heinrich
424 1677 467 1743 ad
481 1677 511 1743 h.
527 1678 548 1746 l.
564 1677 604 1763 11,
627 1699 660 1764 p.
676 1680 720 1746 98
735 1698 782 1761 sq.
807 1676 955 1744 adnotat:
982 1675 1176 1755 »Stoicidae
1198 1692 1243 1738 ron

152 1784 326 1870 Stoicides,
353 1785 500 1851 komisch
524 1785 668 1868 gebildet
690 1784 773 1851 nach
797 1783 966 1869 Aeacides,
993 1782 1053 1848 filii
1076 1784 1244 1857 Stoicorum,

151 1893 322 1960 Stoieestri
351 1945 421 1961 ...
450 1893 489 1959 Η.
514 1892 729 1979 Stephanus
757 1892 798 1960 de
825 1893 929 1959 abusu
957 1891 1089 1974 linguae
1120 1889 1246 1957 Graecae

151 2021 180 2086 p.
207 2002 272 2070 140
307 1999 358 2066 ed.
394 2001 501 2066 Berol.
539 2000 642 2066 tadelt
674 1999 727 2067 die
765 1999 904 2083 Bildung
938 1997 1156 2079 Stoicidae,
1193 1994 1247 2081 quis

152 2109 235 2175 enim
273 2108 367 2175 Stoica·
402 2109 615 2194 patronymioi
652 2108 786 2174 formam
822 2127 988 2174 assumere
1025 2126 1125 2192 posse
1158 2103 1247 2171 credat

152 2215 239 2302 apud
271 2215 418 2294 Latinos,
452 2236 522 2282 cum
554 2215 588 2281 id
620 2215 668 2280 illi
701 2223 733 2283 ct
766 2215 841 2282 aliis
873 2214 906 2279 id
940 2235 1042 2299 genus
1076 2216 1108 2280 in
1142 2213 1247 2280 Graeca

150 2322 263 2408 lingua
286 2323 329 2390 sit
351 2329 536 2408 negatum<

218 2448 291 2516 Hac
313 2449 402 2516 vocis
430 2449 708 2537 interpretatione,
741 2469 836 2534 quam
861 2447 1040 2515 Weidner
1068 2465 1246 2532 quoquere

152 2557 273 2644 quitur,
319 2577 423 2642 neque
469 2558 571 2624 forma
616 2577 721 2641 neque
767 2555 961 2639 significatio
999 2555 1149 2621 vocabuli
1187 2552 1247 2620 sati

152 2665 340 2732 illustratur.
387 2665 470 2732 Nam
504 2664 584 2730 haec
612 2663 729 2747 forma,
763 2664 825 2730 etsi
854 2661 1095 2729 concedendum
1124 2668 1176 2728 est
1196 2680 1247 2726 ean

154 2773 186 2837 in
209 2772 330 2856 linguis
354 2777 387 2836 et
410 2771 537 2837 Graeca
560 2777 592 2838 et
614 2771 731 2837 Latina
760 2790 833 2836 esse
858 2769 1053 2854 singularem
1078 2776 1110 2835 et
1134 2768 1247 2835 similer

154 2878 221 2945 lere
248 2899 288 2945 ao
314 2879 606 2965 patronymicorum
632 2878 665 2943 in
692 2877 946 2944 terminationem
974 2879 1051 2942 eder
1076 2875 1247 2943 cadentium

154 2994 260 3052 tamen
297 3006 318 3052 a
354 2992 452 3071 poeta
490 2985 636 3052 consulto
673 2993 829 3071 usurpata
866 2993 925 3052 est.
991 2985 1040 3049 Ah
1076 2983 1117 3050 iis
1155 3001 1247 3049 nome

154 3092 353 3160 Stoicidae
377 3091 479 3158 forma
501 3093 633 3159 multum
653 3091 769 3173 differt,
794 3092 880 3178 quod
899 3113 939 3157 ex
957 3090 1115 3158 vocabulo
1136 3091 1247 3158 stoicus

155 3200 300 3267 derivato
323 3200 409 3287 ipso,
444 3199 613 3266 formatum
637 3207 701 3278 est;
735 3200 855 3267 stoicos
880 3200 963 3266 enim
988 3198 1173 3286 appellatos
1196 3216 1244 3263 ess

154 3328 175 3373 a
198 3312 283 3386 στοά,
307 3309 432 3392 porticu
456 3308 512 3373 illa
535 3307 733 3388 Atheniensi,
757 3307 790 3372 in
810 3327 874 3391 qua
893 3307 979 3373 Zeno
1005 3306 1154 3391 docebat,
1177 3325 1247 3372 nem

155 3414 265 3482 nescit.
312 3414 541 3499 Significantur
572 3415 671 3499 igitur
706 3435 785 3481 roce
825 3413 1026 3480 Stoicidae
1061 3412 1212 3499 posteri
1245 3437 1247 3471 2

154 3522 337 3606 posteris,
368 3542 430 3587 non
453 3523 495 3588 ab
518 3522 612 3588 unius
635 3520 800 3588 cuiusdam
826 3521 962 3586 hominis
986 3540 1115 3604 genere,
1141 3519 1199 3586 sed
1221 3519 1247 3583 a'

155 3629 336 3695 universa
372 3628 686 3716 philosophorum
725 3637 833 3694 secta
869 3627 1045 3714 profecti.
1110 3627 1148 3694 In
1184 3625 1247 3692 veri

155 3736 386 3822 patronymicis
417 3736 604 3823 plerumque
631 3736 732 3815 filins,
766 3756 828 3801 non
861 3756 933 3801 raro
961 3754 1077 3820 nepos,
1110 3726 1247 3801 interdur

157 3845 276 3928 posteri
305 3850 379 3910 sunt
401 3843 612 3929 intellegendi
640 3844 709 3910 eius
738 3843 811 3920 viri,
844 3864 864 3909 a
892 3842 982 3909 cuins
1012 3842 1141 3908 nomine
1163 3848 1247 3928 patro

157 3952 316 4036 nymicum
341 3958 391 4017 est
413 3951 553 4020 ductum.

224 4079 420 4145 Stoicidae
451 4078 481 4143 h.
507 4081 527 4143 l.
556 4076 884 4162 peracerbissimam
914 4077 1093 4143 irrisionem
1116 4080 1247 4143 vocantu

156 4185 180 4249 ii
213 4184 373 4271 homines,
407 4186 475 4270 qui,
513 4184 660 4270 quamvis
693 4185 832 4251 moribus
866 4184 980 4251 solutis
1012 4204 1051 4249 ac
1083 4183 1247 4250 libidinibu

233 4434 253 4506 ι)
273 4436 314 4491 of.
332 4435 434 4519 neena,
454 4436 491 4493 au
507 4435 535 4491 n.
554 4435 573 4491 1.
