2828 5002
795 373 837 440 1-4

254 569 455 656 plicandus,
479 570 615 655 penitus-
644 568 861 653 perspiciatur
897 575 929 634 et
960 569 1030 634 eius
1063 569 1112 633 vis
1146 587 1186 634 ac
1219 569 1306 634 ratio
1335 566 1367 635 ad

253 678 387 754 iitteras
403 675 757 754 ¹Latinasiliustretur,
788 674 979 759 permultum
1012 676 1179 759 temporis·
1197 683 1233 742 et
1262 675 1368 739 laboris

256 782 506 869 impendendum
536 803 618 849 esse.
670 783 752 850 Nam
781 782 836 864 qui
863 781 950 848 hanc
975 783 1119 848 remita
1145 782 1321 847 absolvere
1345 782 1369 844 in

254 891 376 955 animo.
396 890 508 974 habet,
544 883 685 964 utjfierr
723 894 863 974 oportet,
902 888 933 954 ei
968 888 1001 953 in
1040 887 1177 971 singulis
1200 887 1369 954 uocabulis

255 997 392 1063 Graccis
429 996 618 1062 tractandis
643 995 740 1061 etiarn
772 994 817 1060 ad
850 994 909 1061 has
950 1015 1002 1062 res
1034 995 1160 1060 animus
1195 1001 1247 1060 est
1274 996 1369 1060 inten·

256 1100 391 1170 dendus.
470 1099 480 1158 ἶ
493 1144 499 1159 ,.
597 1172 601 1177 ,

327 1214 354 1278 1·.
375 1210 435 1274 ·Ac
471 1210 608 1295 primum·
628 1209 776 1292 ¹quid-em.
798 1210 1097 1292 unoquoqueloco
1130 1229 1193 1274 ars
1221 1208 1371 1289 critica,

254 1335 344 1401 ‘quae
368 1316 494 1400 dicitur,
518 1323 646 1382 strenue
670 1315 851 1382 exercenda
875 1323 934 1395 est,
963 1322 1083 1381 utnon
1106 1314 1204 1380 modo
1228 1313 1371 1379 librorum

257 1423 354 1490 tectio
370 1420 564 1500 enucleetur,
578 1423 647 1488 >sed
668 1431 850 1507 quaeratur,
861 1443 948 1488 ,num
968 1421 1011 1487 ad
1029 1428 1213 1488 contextum
1234 1415 1372 1506 quadret,

257 1529 378 1595 deinde
401 1537 515 1607 utrum,
529 1529 694 1614 scriptoris
714 1529 908 1614 interpretes
932 1537 965 1595 et
983 1529 1120 1595 nominis
1139 1529 1266 1595 Graeci·
1285 1527 1371 1612 signi·

257 1636 441 1702 ficationem
464 1638 500 1701 ¹et
525 1635 759 1701 torumzlooum
787 1637 868 1702 bene
897 1656 938 1702 ac
959 1643 1046 1702 recte
1069 1636 1311 1721 perspexerint,
1338 1652 1372 1699 an

257 1744 353 1808 aliter
370 1743 418 1808 de
442 1763 480 1808 eo
504 1742 712 1808 iudicandum
735 1743 786 1816 sit.
816 1791 820 1797 -
884 1792 887 1797 .

325 1851 355 1916 2.
388 1849 806 1932 Asi->significationem
844 1857 951 1922 autem
988 1851 1094 1934 ipsam
1129 1849 1372 1931 uniuscuiusque
1413 1925 1414 1946 Χ

259 1957 349 2023 vocis
383 1956 532 2022 Graecae
565 1956 792 2041 explicandam
825 1964 923 2040 atque
957 1955 1213 2040 explanandam¹
1232 1956 1371 2036 breviter,
1413 1955 1414 1958 ’

258 2064 278 2130 i.
303 2083 329 2129 e.
353 2062 512 2147 quatenus
532 2062 575 2127 ad
595 2083 752 2147 quemque
771 2056 876 2128 locum
896 2054 1149 2146 intellegendum
1167 2069 1269 2146 atque
1281 2063 1371 2128 inter·

258 2168 452 2256 protundum
477 2176 533 2236 est¹
550 2169 630 2251 usui,
655 2170 909 2235 adumbrandum
935 2177 995 2255 est,
1109 2215 1112 2219 -
1303 2160 1307 2166 ”

262 2304 265 2336 z
390 2279 422 2357 a)
451 2296 535 2359 quae
563 2277 718 2360 cuiusque
747 2277 925 2342 vocabuli
951 2277 1106 2360 Gracci,
1135 2278 1326 2361 priusquam
1347 2276 1372 2339 in

259 2385 414 2467 linguam,
441 2384 605 2448 Latinam.
628 2384 824 2469 perveniret,
864 2382 959 2449 fuerit
995 2384 1117 2470 prima
1155 2384 1194 2448 in
1231 2383 1373 2450 litteris

260 2491 425 2557 Graecis
454 2491 706 2573 significatio
739 2489 840 2555 allato
868 2491 1088 2557 vetustissimo
1117 2491 1204 2570 loco,
1240 2498 1274 2556 et
1300 2508 1374 2574 quac

258 2597 379 2663 fuerint
403 2598 702 2663 ceterae-notiones
732 2597 869 2663 adiectis
892 2598 986 2682 locis,
1015 2598 1131 2681 quibus
1160 2598 1223 2664 hae
1246 2599 1373 2684 primum

261 2711 433 2789 apparent,
468 2709 502 2767 ut
526 2705 686 2786 cognosci
718 2705 836 2787 possit,
871 2724 935 2788 qua
967 2705 1021 2770 via
1052 2725 1150 2771 voces
1175 2704 1323 2772 Graecae
1347 2703 1374 2768 in

260 2810 404 2894 linguam
420 2809 578 2874 ¹Latinam
601 2810 826 2891 t1·ansierint;·
935 2824 936 2829 ’

287 2944 299 2957 ‘2
325 2970 352 2980 „
390 2919 424 2996 b)
454 2935 550 2998 quam
586 2908 778 2982 notionem
811 2938 851 2982 ac
884 2919 949 2983 vim
978 2918 1126 2983 habuerit
1155 2918 1374 2984 vocabulum

265 3024 563 3106 crescentem,
588 3023 729 3095 cumin
753 3023 924 3107 linguam
950 3025 1126 3090 Latinam
1149 3025 1262 3108 abiit,
1368 3084 1371 3089 .

391 3135 421 3205 c)
451 3136 609 3211 quatenus
637 3129 815 3196 diversus
844 3131 939 3197 fuerit
969 3151 1059 3197 usus
1085 3132 1249 3198 Latinus
1274 3152 1295 3196 a
1318 3150 1375 3198 scr·

260 3256 354 3301 mone
378 3236 518 3313 Graeco;
619 3239 620 3243 ’
718 3224 720 3228 ⁸

261 3371 271 3386 ·«
306 3359 325 3373 ·'
390 3342 424 3423 ri)
453 3363 537 3426 quae
570 3342 666 3410 fuerit
702 3346 790 3410 vocis
816 3330 999 3411 vGraecae
1033 3367 1121 3412 sors
1158 3347 1195 3410 in
1233 3345 1376 3412 litteris

262 3450 417 3514 Latinis
440 3470 544 3533 usque
568 3451 611 3516 ad
634 3451 714 3516 illud
738 3460 873 3537 tempus,
899 3473 961 3536 quo
987 3474 1058 3518 eam
1078 3455 1216 3538 scriptor
1238 3454 1377 3534 Latinus,

262 3555 304 3622 de
327 3556 419 3622 cuins
444 3552 591 3622 sermone
615 3559 730 3642 agitur,
755 3559 786 3623 in
811 3559 909 3624 libros
934 3561 1070 3644 recepit;
1255 3546 1258 3551 ¹

393 3668 421 3738 e)
451 3665 699 3746 neque'minimi
723 3666 874 3730 momenti
894 3672 944 3731 est
964 3673 1117 3746 statuere,
1143 3673 1246 3732 utrum
1271 3686 1377 3733 voca·

262 3768 341 3835 buli
367 3769 508 3835 Graeci
532 3771 779 3854 significatio
803 3771 890 3856 apud
914 3772 998 3839 hunc
1023 3775 1210 3858 scriptorem
1234 3774 1379 3839 Latinum

262 3877 305 3941 sit
325 3875 413 3955 ,alia
441 3884 559 3960 atque
586 3877 868 3963 apudcetcros
897 3880 1112 3965 scripto-res
1145 3880 1310 3948 Latinos
1342 3901 1379 3946 an

262 3980 402 4050 eadem,
431 3983 467 4047 Si
492 3990 542 4049 est
565 3985 659 4063 alia,
685 3986 856 4069 quaeritur,
881 3987 1040 4068 quomodo
1066 3988 1146 4053 haec
1170 3989 1261 4053 vocis
1285 3989 1380 4072 signi·

262 4087 373 4155 ticatio
397 4088 675 4175 sitdeclaranda,
704 4098 833 4156 et-num
857 4093 958 4177 apud
987 4082 1200 4178 scriptores
1230 4114 1382 4180 quoque

263 4194 424 4262 Latinos
448 4202 580 4261 aetate
603 4197 845 4282 posteriores
869 4200 1058 4265 inveniatur.
1093 4199 1215 4266 sotem
1230 4203 1333 4268 modo
1352 4203 1383 4267 iri

264 4302 439 4386 scriptores
459 4302 635 4367 adhibendi
655 4310 736 4388 sunt,
759 4305 789 4369 si
807 4307 965 4371 vocabula
986 4307 1112 4373 Graeca
1135 4306 1189 4371 ille
1215 4311 1386 4396 scriptor

264 4409 406 4492 primus
430 4407 467 4470 iu
490 4407 637 4474 litteris
660 4410 815 4477 Latinis
838 4411 979 4482 exhibet.
1029 4420 1040 4459 ἓ
