2828 5002
661 388 705 454 53

579 479 793 489 ——n——u

186 581 354 651 hlaorob.
378 589 499 652 saturn.
523 584 547 669 Ι,
571 587 601 670 6,
625 587 660 652 6:
687 584 773 651 »Sed
797 592 924 652 etcum
947 586 1033 672 posti
1056 586 1244 674 inscriptum

145 692 165 754 it
190 690 344 777 Delphici
367 692 491 778 templi,
526 699 559 759 et
585 693 679 759 unius
703 713 875 759 enumero
899 701 1024 780 septem
1048 696 1243 782 sapientium

145 796 241 864 adem
277 800 321 866 sit
356 799 421 866 iata
458 800 618 866 sententia
654 799 773 869 Γνῶθι
810 808 975 887 σεαυτόν,
1012 801 1090 887 quid
1127 803 1159 869 in
1193 824 1245 870 me

145 906 250 972 rescire
278 906 501 974 aestimandus
535 928 619 993 sum,
652 909 681 975 si
708 928 824 974 nomen
852 909 989 992 ignoro?
1036 909 1135 977 Cuius
1167 911 1245 975 mihi

145 1032 209 1079 runc
232 1020 264 1080 et
292 1014 383 1099 origo
412 1023 444 1081 et
472 1035 572 1081 causa
600 1014 740 1082 dicenda
763 1023 844 1084 est«
893 1025 1061 1088 comment.
1085 1017 1118 1082 in
1142 1038 1244 1086 somn.

145 1120 213 1206 icip.
236 1122 260 1199 1,
284 1125 314 1207 9,
337 1124 373 1188 2:
410 1123 613 1189 »Animarum
643 1123 798 1208 originem
826 1142 959 1190 manare
982 1124 1023 1191 de
1047 1125 1138 1192 eaelo
1162 1125 1245 1191 inter

145 1235 212 1294 'ecte
246 1227 513 1317 philosophantes
545 1230 748 1298 indubitatae
781 1237 908 1297 constat
940 1251 1014 1299 esse
1047 1231 1242 1300 sententiae:

145 1341 168 1398 ct
185 1336 319 1417 animae,
345 1336 420 1403 dum
444 1358 576 1425 corpore
600 1339 708 1424 utitur,
733 1338 813 1405 haec
837 1346 887 1405 est
910 1337 1055 1423 perfecta
1070 1339 1240 1426 sapientia,

145 1449 176 1525 rt,
195 1442 275 1510 unde
300 1450 371 1510 orta
394 1445 444 1531 sit,
468 1443 510 1511 de
534 1465 596 1529 quo
621 1445 708 1512 fonte
731 1446 864 1526 venerit,
889 1452 1115 1529 recognoscat.
1162 1447 1244 1512 Hine

145 1548 205 1615 llud
228 1572 248 1617 a
271 1551 412 1638 quodam
434 1553 518 1619 inter
541 1552 608 1620 alia
637 1574 694 1619 seu
718 1553 836 1620 festiva
866 1575 924 1621 seu
945 1552 1128 1633 mordacia,
1158 1554 1251 1620 serio'

145 1663 233 1727 lamen
251 1669 439 1746 usurpatum
455 1666 519 1730 est:
543 1662 603 1745 ,De
622 1661 713 1727 caelo
733 1661 902 1729 descendit
924 1660 1045 1729 Γνῶθι
1063 1662 1243 1744 σεαυτόνῆ

145 1783 201 1832 nan
232 1773 264 1834 et
292 1767 443 1854 Delphici
471 1788 534 1834 vox
561 1767 643 1834 baec
671 1767 772 1836 fertur
800 1769 931 1836 oraculi.
983 1760 1171 1836 consulenti
1200 1769 1243 1834 ad

145 1869 357 1942 beatitudinem
376 1896 438 1960 quo
456 1876 571 1943 itinere
590 1876 787 1962 pervenerit:
812 1877 840 1944 si
860 1884 901 1961 te,
919 1876 1033 1962 inquit,
1053 1877 1242 1962 agnoveris3

145 1981 189 2046 sod
209 1991 240 2049 et
262 1984 366 2070 ipsius
389 1983 486 2050 fronti
509 1984 620 2071 templi
643 1984 724 2052 baec
747 1983 903 2071 inscripta
927 1984 1087 2051 sententia
1111 1991 1192 2051 est<

195 2089 266 2157 (lio.
305 2089 436 2157 Tuscul.
464 2091 489 2176 1,
517 2095 570 2177 22,
598 2095 642 2160 52
678 2091 740 2159 hoc
778 2092 976 2159 enuntiatum
1014 2091 1241 2179 interpretatur

145 2197 230 2264 verbis
255 2198 399 2266 >Nosce
422 2206 487 2267 te«

160 2322 162 2326 ·
195 2305 389 2373 Sententiam
428 2305 573 2374 »Γνῶθι
606 2315 776 2375 occardo«
815 2307 1008 2375 vetustiores
1045 2306 1240 2373 Graecorum

145 2408 309 2500 philosophi
342 2421 383 2497 et,
417 2421 572 2499 quotquot
602 2415 744 2500 ingenua
777 2415 885 2482 studia
917 2421 1015 2498 atque
1044 2422 1131 2479 artes
1160 2412 1242 2479 cole·

145 2512 217 2599 bant,
249 2542 324 2589 esse
352 2521 590 2588 sanctissimam
618 2522 793 2588 censebant
821 2528 853 2587 et
875 2520 1057 2607 posteritati
1080 2540 1240 2606 propaga·

146 2620 215 2696 hant.
258 2629 365 2712 Atque
402 2629 499 2695 etiam
535 2627 712 2713 Iuvenalis,
749 2628 904 2713 magister
940 2627 994 2693 ille
1027 2647 1147 2693 morum
1185 2627 1241 2694 ad-

145 2733 252 2801 modum
276 2755 422 2821 severas,
456 2737 647 2821 aequalibus
675 2736 833 2823 corruptis
862 2756 901 2802 ac
929 2734 1117 2821 depravatis
1148 2736 1241 2819 quasi

147 2855 266 2908 normam
304 2842 338 2908 in
375 2843 522 2910 omnibus
559 2844 647 2910 vitae
680 2842 922 2910 condicionibus
955 2842 1162 2928 praescribit,
1202 2862 1242 2908 ne

148 2941 247 3015 faciant
269 2956 327 3016 aut
349 2957 506 3036 appetant
530 2953 710 3035 quicquam,
742 2949 827 3036 quod
850 2950 964 3016 virium
988 2971 1038 3016 ac¹
1052 2948 1240 3016 facultatum

147 3054 254 3124 nodum
277 3065 433 3126 transeat.

197 3163 331 3232 Dubium
359 3185 433 3232 esse
464 3186 528 3231 non
556 3173 675 3251 potest,
705 3165 781 3249 quin
809 3171 907 3250 poeta
935 3163 995 3230 hoo
1023 3162 1167 3231 dictum
1197 3185 1242 3229 ex

152 3268 212 3337 anis
232 3271 375 3340 studiis
399 3272 607 3338 rhetoricis
635 3272 667 3337 in
696 3278 824 3338 saturas
848 3271 1007 3358 receperit
1030 3278 1062 3338 et
1085 3271 1146 3338 hoc
1169 3272 1240 3338 loco

150 3379 359 3463 pergrande
383 3379 572 3466 quoddam
596 3378 751 3445 dicendi
776 3399 896 3462 genus
920 3378 1043 3446 civibus
1064 3379 1130 3445 suis
1149 3399 1241 3465 prae·

152 3489 224 3566 cepta
244 3487 306 3557 det.

201 3591 241 3663 (ll.
265 3595 362 3661 etiam
386 3596 568 3662 Karsten:
596 3595 647 3661 De
671 3593 778 3661 effatis
801 3592 968 3679 Delphicis
992 3596 1082 3681 μηδὲν
1105 3593 1183 3675 ἄγαν
1208 3602 1240 3659 et

154 3702 239 3771 tlibi
260 3710 413 3771 σεαυτόν
435 3703 468 3767 in
492 3703 593 3788 symb.
617 3701 676 3799 litt.
699 3702 812 3769 Batav.
837 3701 876 3786 Il,
899 3703 941 3768 57
965 3721 1013 3784 sq.

445 3882 496 3966 vl,
514 3882 589 3948 195:
622 3880 711 3966 »Ζωὴ
734 3883 787 3945 καὶ
809 3885 920 3965 papiu«

263 4046 406 4095 ...anon
431 4030 481 4090 est
502 4024 555 4090 hic
578 4044 682 4090 sermo
706 4024 762 4108 [so.
787 4021 941 4105 Graecus]
965 4021 1103 4107 pudicus

257 4132 289 4198 ln
313 4133 431 4200 vetula.
478 4129 634 4208 Quotiens
658 4131 814 4196 lascivum
838 4129 1009 4196 intervenit
1032 4128 1111 4194 illud

152 4240 154 4245 ’
258 4239 330 4328 Ζωὴ
353 4245 416 4306 καὶ
440 4245 549 4327 ψυχή,
572 4237 668 4303 modo
693 4239 751 4304 sub
775 4237 881 4303 lodice
903 4235 1024 4302 relictis

258 4347 361 4414 Uteris
383 4348 417 4412 in
441 4347 545 4414 turba.
592 4343 686 4423 Quod
710 4344 794 4410 enim
817 4364 879 4408 non
904 4343 1023 4411 excitet
1046 4341 1165 4425 inguen

258 4452 326 4523 Vox
349 4452 470 4522 blanda
493 4459 525 4523 et
548 4458 724 4540 nequambr
