2828 5002
666 375 726 442 VH

1166 491 1191 535 p.

400 572 429 642 b)
453 573 531 640 Quae
550 574 586 630 ad
604 577 727 630 mentem
746 573 894 630 referenda
913 575 1017 629 suntz.
1045 612 1052 627 .
1081 613 1088 628 .
1147 573 1253 629 66-69

452 662 481 731 α)
505 663 601 720 Artes:
617 702 1086 718 ..............
1182 663 1216 718 66

507 751 554 821 αα)
573 771 618 808 ars
638 752 812 818 aedificandi,
833 750 875 820 ββ)
895 770 940 807 ars
958 752 1090 824 fingendi,
1147 752 1189 807 66.
1219 751 1253 807 67

505 834 549 904 rr)
570 852 615 889 ars
633 833 749 899 musica,
769 829 808 900 ὃὸ)
827 836 902 891 artes
921 836 950 890 et
964 833 1094 888 scaenica

569 918 598 971 et
616 914 795 985 gymnastica
802 954 1091 971 .........
1184 913 1218 969 67

458 1002 485 1071 β)
508 1003 647 1060 Litterae:
655 1043 1088 1059 .............
1149 1003 1254 1058 68-69

506 1092 553 1162 αα)
569 1112 614 1148 ars
624 1093 811 1163 grammatica
825 1095 854 1148 et
867 1091 979 1158 similia,
995 1089 1037 1160 ββ)
1049 1110 1093 1147 ars

569 1183 716 1249 rhetorica,
727 1179 948 1253 prtarspoetica,
959 1177 996 1249 tt)
1003 1181 1093 1251 philo·

568 1272 668 1342 sophia
669 1310 1089 1337 .............
1183 1271 1218 1324 68

515 1361 551 1428 ee)
575 1361 729 1431 astrologia
748 1363 777 1416 et
796 1379 840 1416 ars
859 1359 1061 1416 mathematica
1083 1400 1089 1414 .
1184 1360 1219 1415 69

407 1452 431 1517 c)
456 1452 533 1516 Quae
553 1451 588 1506 ad
607 1469 664 1506 rem
684 1451 828 1522 publicam
847 1453 990 1521 spectant:

455 1539 483 1606 α)
503 1558 546 1596 res
565 1540 682 1611 publica
700 1539 770 1609 ipsa,

457 1627 482 1696 β)
502 1629 617 1686 deorum
637 1629 742 1695 cultus,
767 1627 794 1698 γ)
819 1646 862 1684 res
881 1627 1013 1684 militaris
1046 1668 1053 1684 .
1082 1669 1088 1684 .
1184 1630 1218 1684 69

221 1720 277 1774 BB.
297 1719 442 1775 Vocabula
462 1719 569 1774 Graeca
588 1736 622 1774 ex
641 1718 744 1774 litteris
763 1721 877 1790 sumpta
904 1757 1090 1775 ......
1149 1718 1253 1773 70-71

294 1806 322 1875 a)
346 1826 380 1864 ex
400 1808 513 1864 Graecis
516 1847 1089 1873 .................
1185 1808 1220 1861 70

293 1898 321 1965 b)
346 1915 380 1953 ex
399 1897 520 1953 Latinis:
544 1895 572 1965 c)
596 1916 631 1953 ex
653 1897 739 1968 poesi,
763 1895 789 1964 β)
813 1915 847 1953 ex
865 1915 950 1968 prosa
968 1897 1096 1953 oratione
1150 1897 1191 1952 70.
1221 1896 1253 1950 71

221 1987 274 2042 CC.
294 1987 416 2042 Nomina
435 1987 611 2058 appellativa
631 1986 751 2053 Graeca,
776 2004 848 2057 quae
874 1986 1015 2042 luvenalis
1034 1985 1095 2057 ipse

295 2067 407 2123 videtur
425 2067 590 2124 formavisse
619 2101 1089 2124 ..............
1185 2067 1218 2120 71

161 2160 196 2214 B.
222 2157 368 2213 Nomina
386 2157 531 2228 propria
551 2157 698 2214 Graeca.
727 2197 734 2213 .
765 2202 768 2207 ,
800 2195 1090 2212 .........
1150 2157 1254 2210 71-79

221 2249 242 2301 Ι.
268 2247 476 2318 Geographica:
516 2285 1090 2302 .................
1150 2245 1256 2299 71-74

272 2336 296 2389 1.
316 2335 393 2401 Quae
413 2337 449 2391 ad
467 2339 560 2392 terrae
579 2339 710 2392 naturam
729 2339 871 2407 spectant:
907 2375 1091 2392 ......
1186 2335 1219 2389 71

313 2426 341 2491 a)
364 2426 463 2490 Maria,
482 2424 512 2493 b)
531 2427 618 2490 fluvii,
637 2425 663 2493 o)
683 2429 791 2482 montes
799 2465 1090 2481 .........
1151 2425 1192 2479 71.
1221 2425 1256 2478 72

268 2516 293 2569 2.
313 2514 390 2580 Quae
410 2516 508 2570 adres
528 2516 665 2570 humanas
685 2515 832 2571 referenda
850 2518 929 2569 sunt:
942 2553 1090 2568 .....
1150 2514 1256 2569 72-74

311 2602 339 2672 a)
359 2605 470 2669 Terrae,
489 2605 521 2671 b)
541 2606 631 2669 urbes,
652 2605 679 2672 o)
698 2603 815 2669 insulae,
835 2605 864 2668 d)
883 2606 982 2674 gentes
1008 2645 1014 2659 .
1044 2644 1050 2659 .
1080 2644 1086 2658 .
1148 2604 1189 2657 72.
1219 2605 1253 2658 73

215 2696 251 2749 Π.
270 2695 476 2764 Mythologioa:
514 2734 1090 2750 .................
1151 2692 1256 2748 74-76

273 2785 296 2837 1.
315 2783 369 2838 Res
388 2784 537 2854 profanae:
557 2783 585 2850 a)
605 2784 706 2849 Fluvii,
726 2783 755 2847 b)
775 2787 873 2854 gentes
905 2824 1089 2838 ......
1186 2783 1220 2836 74

268 2874 294 2925 2.
314 2872 367 2927 Res
387 2873 500 2928 divinae
519 2877 548 2929 et
566 2873 682 2928 similia:
726 2912 1090 2928 ...........
1151 2871 1256 2926 74-76

315 2962 343 3029 a)
361 2962 415 3028 Dii,
434 2962 464 3028 b)
484 2963 560 3029 deae,
581 2962 606 3030 c)
625 2962 731 3028 heroes,
753 2963 781 3030 d)
800 2961 928 3018 heroides
978 3006 982 3016 .
1011 3001 1018 3015 .
1049 3002 1055 3015 .
1085 3005 1089 3013 .
1115 2960 1157 3015 74.
1169 2962 1210 3013 75.
1222 2961 1256 3014 76

199 3052 251 3105 ΙΙΙ.
271 3050 393 3107 Nomina
411 3051 556 3106 hominum
585 3090 1091 3106 ...............
1152 3049 1256 3105 76-79

271 3140 295 3193 1.
315 3139 358 3193 sd
377 3139 488 3195 litteras
506 3140 650 3209 pertinent
692 3179 1091 3195 ............
1151 3138 1255 3192 76-77

313 3227 341 3294 a)
365 3229 543 3298 grammatici
546 3267 1091 3294 ................
1187 3228 1221 3282 76

313 3314 342 3384 b)
361 3320 475 3388 poetae:
495 3316 523 3383 α)
548 3316 637 3371 Tituli
657 3317 824 3373 carminum:

549 3406 595 3474 αα)
615 3406 770 3461 carminum
785 3406 935 3477 epicorum,
955 3403 998 3474 ββ)
1018 3406 1096 3462 fabu-

615 3487 714 3553 larum,
734 3486 778 3556 γγ)
796 3487 985 3552 mimornm3.
1014 3529 1021 3542 .
1051 3529 1057 3542 .
1085 3528 1092 3542 .
1188 3488 1221 3541 76

500 3574 526 3642 β)
550 3592 687 3648 personae
705 3575 735 3629 in
754 3575 870 3641 fabulis;
907 3617 913 3629 .
942 3616 949 3630 .
980 3616 985 3629 .
1013 3615 1021 3630 .
1050 3617 1056 3628 .
1085 3617 1091 3630 .
1153 3576 1195 3630 76.
1223 3574 1256 3628 77

314 3664 341 3731 c)
365 3667 491 3722 oratores
521 3667 550 3721 et
576 3665 682 3736 scripta
710 3664 845 3731 oratoria,
875 3662 904 3732 d)
927 3664 1096 3736 philosophi,

315 3754 343 3820 a)
362 3754 512 3824 astrologi,
531 3754 558 3820 f)
577 3754 646 3809 iuris
661 3753 790 3820 consulti,
810 3753 842 3823 g)
861 3754 953 3825 ignoti
971 3754 1097 3810 homines

368 3833 491 3890 litterati
492 3875 1091 3891 ..................
1188 3835 1220 3888 77

274 3923 299 3977 2.
319 3923 362 3977 Ad
381 3926 456 3979 artes
476 3924 623 3980 referenda
641 3927 736 3979 sunt.
765 3964 772 3978 .
800 3965 807 3979 .
832 3987 833 3992 ἵ
837 3964 1091 3981 ........
1152 3924 1258 3979 77-78

220 4006 225 4013 ’
315 4012 342 4075 a)
365 4013 483 4078 fictores,
502 4011 532 4079 b)
551 4012 673 4084 pictores
676 4052 1092 4078 .............
1189 4013 1221 4067 77

316 4099 341 4169 o)
364 4101 476 4160 musici:
500 4104 528 4168 α)
547 4102 711 4168 citharoedi,
731 4100 758 4169 β)
778 4102 923 4158 choraules
926 4144 1092 4167 ......
1188 4104 1223 4157 78

316 4188 345 4256 d)
367 4190 530 4248 histriones:
558 4191 587 4256 a)
610 4191 744 4256 comoedi,
773 4189 800 4258 β)
823 4190 924 4246 mimus
948 4195 977 4248 et
999 4191 1093 4257 mima,

368 4278 395 4349 r)
419 4279 588 4350 pantomimi
612 4282 641 4336 et
665 4297 761 4336 eorum
783 4297 933 4351 personae,
957 4278 982 4348 t)
1005 4281 1097 4352 ignoti

370 4360 491 4416 artificas
510 4361 629 4417 scaenici
632 4399 1021 4426 ............
1036 4402 1057 4429 ,.
1085 4404 1091 4418 .
1188 4364 1223 4417 76

321 4446 348 4514 e)
370 4448 542 4519 gladiatores
561 4453 591 4506 et
609 4450 729 4506 victores
748 4448 942 4506 certaminum.
979 4491 986 4506 .
1014 4491 1022 4507 .
1050 4491 1057 4507 .
1085 4491 1093 4506 .
1189 4452 1223 4505 78
