2828 5002
271 528 353 594 Asia
372 547 393 592 a
411 526 521 612 Syris
541 527 610 603 (ΠΙ,
632 525 787 611 62-66),
807 546 892 609 quae
911 545 991 609 gens
1010 545 1081 592 cum
1101 545 1122 591 a
1141 524 1313 608 Romanis,
1332 532 1388 590 tun

271 635 411 700 maxime
425 634 467 699 ab
482 633 543 698 boc
561 640 660 717 poeta
674 634 938 698 contemnebatur
956 634 1021 718 (VI,
1035 634 1111 701 351.
1135 633 1223 717 VIII,
1243 634 1309 700 159
1324 630 1388 718 sq).

339 757 444 836 Quam
468 756 512 823 ad
534 777 656 822 morum
676 756 889 842 corruptelam
910 763 983 822 sunt
1002 756 1173 824 referenda
1193 756 1265 822 alia
1289 756 1388 822 omnia

270 867 360 950 vitia,
389 885 472 949 quae
501 870 594 931 erant
624 863 778 949 avaritia,
808 864 1071 949 intemperantia,
1101 863 1241 931 luxuria.
1273 863 1388 929 Voces

272 973 460 1057 Graecae,
494 991 577 1055 qnae
610 969 654 1036 ad
685 970 746 1036 bas
774 990 826 1037 res
856 977 1016 1056 spectant,
1051 970 1154 1055 apud
1187 977 1329 1055 poetas
1356 977 1389 1036 et

273 1079 438 1146 comicos
463 1085 500 1145 et
522 1078 706 1143 satiricos
726 1078 920 1162 saepissime
933 1079 1150 1143 inveniuntur:
1172 1077 1263 1162 apud
1280 1084 1386 1163 poetar

273 1186 417 1252 elatioris
442 1184 570 1251 dicendi
594 1185 733 1268 generis,
763 1191 798 1250 ut
822 1184 909 1270 apud
933 1184 1162 1268 Vergilium,
1194 1204 1254 1250 eas
1278 1184 1389 1250 frustra

272 1313 420 1377 quaeras.
468 1291 587 1357 Omnes
616 1291 683 1357 fere
711 1290 879 1357 maledice
899 1298 931 1358 ct
959 1292 1204 1376 contumeliose,
1234 1291 1387 1357 interdum

271 1401 377 1466 facete
401 1420 440 1464 ac
462 1398 598 1464 ridicule
622 1398 783 1479 dicuntur,
818 1398 857 1465 cf.
886 1400 926 1484 II,
951 1398 1115 1466 86-112,
1148 1399 1206 1476 ΙΠ,
1236 1401 1309 1467 136.
1340 1399 1388 1474 VI,

273 1493 351 1589 1233
380 1510 444 1574 sor
470 1527 532 1590 sq,
561 1508 747 1573 511-516.
774 1507 830 1582 ux,
853 1509 890 1590 43
922 1509 995 1573 roa.
1018 1507 1059 1586 x,
1090 1507 1156 1572 224
1180 1512 1212 1572 er
1235 1527 1267 1592 p.
1293 1509 1344 1591 cr,
1365 1508 1388 1590 p.

716 1707 742 1762 e)
762 1703 812 1755 Ad
831 1719 953 1757 servos.

339 1808 387 1872 Ac
411 1827 452 1871 ne
476 1806 609 1872 sordida
633 1807 763 1890 quidem
787 1807 925 1873 artificia
948 1809 1070 1873 Romae
1093 1807 1252 1887 homines,
1278 1809 1332 1892 qni
1355 1828 1389 1872 eu

273 1914 432 1979 Graeciae
466 1921 498 1979 et
532 1913 632 1980 Asiae
664 1914 794 1999 oppidis
824 1923 922 1997 atque
949 1914 1063 1979 insulis
1091 1915 1124 1978 in
1152 1915 1268 1980 urbem
1295 1915 1388 1980 immi-

272 2027 446 2104 graverant
481 2020 589 2104 ibique
618 2020 845 2099 consederant,
877 2041 1028 2087 exercere
1059 2021 1266 2089 verebantur.
1312 2022 1389 2087 Hinc

270 2126 503 2213 Intellegimus,
537 2126 614 2211 quid
647 2148 767 2194 causae
799 2127 907 2211 fuerit,
945 2148 1000 2193 cur
1032 2127 1197 2194 Iuvenalis
1229 2126 1275 2193 ad
1308 2148 1387 2194 com·

274 2235 384 2320 plures
408 2254 538 2300 servos
560 2233 797 2301 domesticos
817 2234 1050 2316 significandos
1068 2234 1238 2300 vocubulis
1260 2234 1386 2300 Graecis

271 2362 349 2408 usus
378 2341 434 2420 sit,
459 2341 499 2409 cf.
523 2342 561 2419 V,
587 2345 639 2408 72.
668 2342 723 2422 VI,
748 2345 829 2426 4223
853 2344 928 2408 417.
960 2341 1046 2426 VHI,
1070 2344 1113 2408 32
1137 2362 1207 2425 sqq.
1231 2342 1290 2427 IX,
1315 2343 1385 2422 1093

272 2447 357 2513 adde
381 2471 412 2535 p.
438 2453 491 2533 64,
516 2473 543 2530 γ.

339 2573 446 2659 Atque
470 2593 578 2639 eorum
602 2574 766 2659 permulti,
794 2573 894 2657 quod,
924 2592 1145 2657 quaecumque
1173 2573 1215 2639 iis
1238 2571 1381 2639 mandata

272 2687 378 2761 erant,
412 2700 536 2746 summa
560 2700 632 2746 oum
669 2680 840 2763 diligentia
879 2687 970 2745 erant
999 2679 1158 2763 exsecuti,
1193 2679 1378 2745 dominorum

272 2788 530 2855 benevolentiam
558 2794 755 2870 meruerant3
789 2787 831 2851 ab
858 2786 909 2851 bis
937 2786 1125 2852 manumissi
1158 2794 1194 2852 ut
1225 2784 1377 2852 libertiin

272 2896 352 2961 urbe
383 2894 597 2960 versabantur
632 2898 663 2959 et
698 2913 852 2977 magnam
889 2914 990 2978 saepe
1023 2892 1250 2958 auctoritatem
1283 2891 1375 2977 adepti
1412 2890 1414 2912 ¹

274 3009 356 3066 sunt.
396 3001 567 3065 Servorum
591 3006 624 3066 et
645 2999 830 3065 libertorum
853 3001 983 3065 nomina
1006 2999 1081 3064 vide
1107 3021 1140 3084 p.
1166 3003 1208 3068 78
1233 3021 1294 3084 sq:
1317 3003 1374 3083 3,a
1411 3021 1414 3038 ⁴

274 3117 306 3174 et
338 3109 369 3172 b.
416 3107 489 3173 Non
525 3126 599 3172 raro
636 3113 743 3174 autem
780 3106 828 3171 illi
859 3107 1004 3172 homines
1036 3109 1068 3171 in
1107 3106 1220 3172 domus
1258 3107 1372 3172 divitum
1411 3123 1414 3144 ¹

273 3215 489 3279 Romanorum
531 3233 567 3280 se
607 3214 827 3294 insinuabant,
871 3220 906 3279 ut
942 3233 1014 3278 cnm
1057 3213 1189 3279 familiis
1231 3209 1371 3298 opulentb

273 3319 530 3386 familiaritarem
572 3319 806 3387 contraherent.
861 3321 898 3385 In
940 3320 1057 3387 animis
1098 3320 1183 3385 enim
1228 3319 1371 3386 habebant
1412 3343 1414 3352 .

272 3447 382 3492 earum
402 3447 481 3511 opes
500 3447 540 3493 ac
559 3427 731 3493 facultates
754 3426 848 3492 malis
868 3428 1003 3512 artibus,
1022 3436 1057 3492 ut
1079 3428 1171 3493 salsis
1187 3421 1370 3494 testamentis

272 3535 484 3618 (1,6v—68)
518 3541 551 3600 et
582 3534 680 3599 nimia
708 3534 896 3599 adulatione
925 3536 998 3619 (HI,
1030 3537 1094 3602 100
1118 3555 1188 3617 sqq.
1221 3538 1284 3602 106
1306 3528 1370 3615 sqql

272 3649 304 3706 et
331 3639 571 3724 importunitate
600 3647 698 3723 atque
726 3641 926 3726 impudentia
955 3642 1043 3719 (ibid.
1076 3641 1162 3725 113),
1192 3642 1330 3726 arripere
1349 3639 1372 3700 et
1410 3667 1414 3672 ·

271 3767 306 3812 re
331 3745 509 3813 domestica
533 3746 628 3832 potiri
653 3748 720 3830 (III,
745 3750 900 3827 69-72).

543 3945 572 4004 (1)
596 3945 646 3996 Ad
665 3946 858 3999 vestimenta
877 3947 909 3998 et
927 3949 1123 4000 ornamenta.

338 4049 513 4114 Praeterea
548 4050 717 4134 permultis
753 4051 1013 4135 vestimentis,
1051 4070 1135 4133 qnae
1173 4071 1215 4115 ex
1253 4045 1378 4116 Graecia

270 4156 405 4220 Romam
436 4155 565 4222 invecta
598 4164 703 4242 erant,
735 4157 864 4221 nomina
898 4156 1024 4222 Graeca
1058 4163 1148 4222 erant
1179 4155 1295 4225 indita.
1338 4153 1380 4218 lu-

270 4262 396 4328 venalis
419 4262 470 4328 bis
490 4264 624 4329 vocibus
643 4263 777 4329 Graecis
796 4264 983 4348 plerumque
997 4283 1056 4348 per
1070 4263 1254 4329 irrisionem
1269 4280 1384 4329 morum

271 4368 568 4452 institutionumque
596 4369 792 4436 Graecorum
821 4371 874 4436 vel
900 4369 945 4436 ad
973 4370 1165 4455 populares,
1198 4371 1255 4456 qui
1283 4388 1386 4437 eorum
