2828 5002
607 360 650 426 23

45 553 84 617 in
120 551 213 618 ludis
246 551 452 636 gladiatoriis
488 559 604 639 partae
635 554 798 637 torquium
831 554 905 621 loeo
939 555 981 623 de
1018 555 1101 622 oollo
1133 555 1188 624 de·

47 659 159 724 missa
174 665 349 726 ostentent.
396 657 467 736 Quo
487 659 617 745 planius
641 660 715 727 illos
734 667 770 726 ut
789 660 988 729 Graecorum
1008 662 1189 729 imitatores

48 771 147 831 notet
176 771 210 832 et
239 764 398 851 designet,
430 766 460 831 h.
490 766 510 834 l.
545 765 657 833 dedita
690 787 790 852 opera
821 768 989 853 permultis
1021 769 1188 835 vocabulis

52 872 198 938 Graecis
222 872 323 939 utitur
349 891 554 956 nequaquam
576 874 780 958 pervagatis,
809 874 867 940 sed
897 875 1087 942 oironlorum
1111 896 1188 959 qno·

53 977 196 1045 rundam
222 979 362 1064 propriis
386 999 496 1046 eorum
519 978 692 1060 hominum,
717 1001 852 1064 quorum
875 982 986 1048 studia
1008 981 1189 1082 singularia

55 1093 153 1151 erant
188 1084 396 1167 gladiatoria.
443 1086 514 1152 Etsi
546 1085 614 1152 ludi
652 1086 839 1170 gladiatorii
878 1095 970 1154 erant
1008 1089 1188 1154 institutum

55 1211 134 1258 rere
159 1191 354 1277 Romanum,
378 1193 560 1277 complures
585 1200 693 1259 tamen
719 1213 813 1260 voees
837 1195 985 1261 Graeoae
1009 1202 1101 1261 orant
1124 1202 1185 1261 ter·

55 1298 137 1363 mini
164 1298 258 1381 quasi
282 1299 420 1365 technioi
445 1299 542 1364 iniis
566 1300 689 1383 usitati,
713 1307 748 1365 ut
772 1301 1030 1384 dimachaeri‚
1053 1301 1187 1387 hoplo-

53 1405 200 1481 maehi,
224 1405 405 1473 Thraoes.

124 1529 251 1596 Eodem
278 1530 375 1595 modo
404 1531 434 1596 h.
459 1529 478 1597 l.
506 1529 700 1596 vocabulum
728 1531 889 1597 Graecum
915 1531 1109 1598 niceteria
1138 1539 1188 1598 est

54 1636 298 1722 explicandum.

455 1779 604 1861 Popannm
629 1779 795 1863 [πόπανον].

126 1923 181 2008 VI,
196 1924 278 1992 541:
298 1921 408 1988 »Illius
420 1920 611 2007 [sacerdotis
622 1922 786 2008 Aegyptii]
796 1922 952 1990 laorimae
962 1924 1186 2009 meditataque

758 2049 921 2096 murmura
940 2039 1122 2117 praestant,

297 2137 340 2203 Ut
362 2135 492 2201 veniam
515 2135 631 2220 eulpae
655 2155 717 2201 non
742 2137 865 2202 abnuat
887 2157 1003 2218 ansere
1026 2158 1145 2220 magno

297 2243 427 2310 Seilioet
450 2250 482 2309 et
505 2243 593 2307 tenui
617 2263 768 2328 popano
793 2252 961 2329 corruptus
985 2243 1120 2310 Osiris«

124 2367 239 2433 Valla:
277 2367 453 2453 »Popano
478 2365 638 2433 sacrificio
663 2366 704 2432 de
727 2388 813 2452 pane
838 2368 936 2436 faoto.
979 2389 1185 2453 popanum,

53 2475 163 2560 inquit
186 2473 315 2551 Suidas,
337 2475 490 2559 placenta
514 2474 574 2539 tuit
597 2474 679 2551 lata,
713 2493 811 2557 quam
835 2472 898 2540 diis
921 2481 1048 2540 veteres
1072 2474 1185 2566 offere·

53 2583 154 2666 bant3
178 2580 241 2646 hoe
263 2581 382 2661 Latini,
407 2587 441 2646 ut
464 2600 546 2665 reor,
571 2579 741 2647 hellarium
760 2579 1016 2666 nominaverunt,
1040 2579 1101 2647 sed
1124 2601 1184 2667 pro

53 2707 261 2772 quocumque
285 2687 351 2752 libo
375 2687 532 2772 sapitum«

128 2794 209 2860 Oum
232 2794 266 2858 in
289 2793 403 2860 lexiois
422 2793 558 2860 Graecis
582 2793 730 2860 oolleetio
753 2793 904 2871 locorum,
928 2795 1044 2878 quibus
1063 2796 1184 2861 inveni·

53 2911 109 2967 tur
132 2900 325 2966 vocabulum
348 2906 521 2978 πόπανον,
557 2899 643 2984 quod
676 2900 709 2965 in
736 2900 852 2968 litteris
881 2901 1017 2968 Graecis
1046 2902 1186 2966 nonita

54 3008 213 3074 usitatum
238 3014 270 3072 et
292 3014 507 3092 pervagatum
531 3006 609 3071 mihi
628 3006 756 3072 videtur
775 3027 859 3086 esse,
882 3029 947 3074 non
966 3009 1010 3074 sit
1027 3008 1183 3092 perfetta,

54 3115 89 3182 h.
114 3114 136 3182 l.
160 3133 271 3179 omnes
295 3113 385 3179 lotos
409 3113 565 3192 Graecos,
598 3132 679 3196 quos
703 3114 846 3199 reperire
869 3114 970 3199 potui,
999 3128 1183 3196 congeram.

53 3221 131 3287 Huo
153 3220 316 3287 referendi
340 3229 429 3286 sunt:

127 3327 321 3412 Aristoph.
341 3327 424 3393 Plut.
441 3328 521 3412 660;
539 3329 615 3394 680.
649 3326 846 3412 Thesmoph.
863 3328 938 3395 285.
970 3326 1094 3394 Eeoles.
1111 3329 1185 3395 843.

54 3435 173 3500 Plato
197 3433 239 3500 de
263 3432 406 3519 republ.
430 3433 469 3518 V,
493 3454 524 3518 p.
544 3435 610 3501 455
635 3452 668 3498 o:
703 3431 789 3519 »Τὴν
811 3445 871 3498 τῶν
893 3439 1058 3500 ποπάνων
1079 3456 1111 3499 τε
1132 3437 1186 3500 καὶ

54 3543 219 3628 ἑψημάτων
241 3543 431 3627 &portatura
481 3539 679 3606 Plutaroh.
704 3538 746 3606 de
769 3539 858 3606 Iside
882 3548 914 3606 et
938 3540 1068 3608 Osiride
1091 3561 1118 3607 e.
1141 3542 1186 3608 30

55 3646 150 3736 [mor.
173 3669 204 3733 p.
229 3651 294 3715 362
317 3648 359 3731 f];
387 3669 413 3714 o.
437 3651 481 3714 50
507 3648 548 3733 [p.
572 3650 636 3714 371
662 3645 705 3731 d].
752 3647 908 3714 Luoian.
934 3646 975 3712 de
999 3647 1105 3713 sacrif.
1132 3649 1182 3726 12,

55 3777 91 3842 p.
114 3757 193 3823 536.
239 3755 410 3840 Aleiphr.
440 3755 535 3839 epist.
560 3754 617 3832 ΠΙ,
642 3755 696 3822 35.
742 3753 925 3821 Philostr.
953 3753 1050 3836 imag.
1075 3754 1116 3832 11,
1141 3755 1184 3819 33

55 3884 90 3948 p.
110 3864 188 3930 859.
234 3842 370 3929 Iulian.
393 3862 552 3947 misopog.
575 3882 607 3946 p.
633 3862 708 3945 362,
732 3882 768 3926 a:
796 3858 895 3927 »Οὔτε
917 3863 1095 3948 θυμιάματα
1118 3856 1185 3926 οὔτε

55 3976 219 4037 πόπανον
243 3965 313 4035 οὔτε
335 3967 471 4053 ἱερεῖον(
520 3967 710 4052 Pa-Orph.
757 3969 877 4049 Argon.
900 3970 965 4035 316
991 3967 1108 4046 (Abel).

125 4075 295 4142 Aeeedunt
314 4075 376 4140 hae
394 4075 484 4141 vonis
499 4073 865 4160 interpretationes:
890 4073 1018 4141 Sohol.
1034 4072 1082 4138 ad
1096 4071 1183 4138 Pla·

55 4182 160 4248 tonis
182 4183 204 4248 l.
229 4182 263 4249 l.:
299 4179 479 4266 »Ποπάνων]
508 4182 712 4248 πλααοοντίων
743 4182 879 4246 πλατέων
909 4184 964 4246 καὶ
989 4184 1105 4247 λεπτῶν
1132 4183 1185 4245 καὶ

55 4283 235 4380 περιφερῶν.
281 4285 414 4376 Ἕψημα
445 4292 477 4354 δέ
509 4289 596 4365 ἐστιν,
629 4291 646 4354 ὃ
674 4287 744 4355 ’ένιοι
770 4286 873 4372 ἱερεῖον
900 4289 1055 4364 καλοῦσιν,
1088 4287 1115 4353 οἱ
1142 4288 1183 4365 δέ,

56 4399 180 4479 parat«
234 4395 397 4479 Heeyoh.
426 4415 452 4461 s.
476 4415 519 4464 r.:
554 4393 725 4461 »Hortarer
756 4397 938 4460 πλααοὺντια
969 4393 1028 4460 ἀπὸ
1061 4393 1182 4479 elpram«
