<?xml version="1.0" encoding="UTF-8"?>
<!DOCTYPE html PUBLIC "-//W3C//DTD XHTML 1.0 Transitional//EN"
    "http://www.w3.org/TR/xhtml1/DTD/xhtml1-transitional.dtd">
<html xmlns="http://www.w3.org/1999/xhtml" xml:lang="en" lang="en">
 <head>
  <title>
</title>
<meta http-equiv="Content-Type" content="text/html;charset=utf-8" />
  <meta name='ocr-system' content='tesseract 3.04.00' />
  <meta name='ocr-capabilities' content='ocr_page ocr_carea ocr_par ocr_line ocrx_word'/>
</head>
<body>
  <div class='ocr_page' id='page_1' title='image "./iuvenalisgraeci00thiegoog_0100.png"; bbox 0 0 2858 5002; ppageno 0'>
   <div class='ocr_carea' id='block_1_1' title="bbox 691 368 731 432">
    <p class='ocr_par' dir='ltr' id='par_1_1' title="bbox 691 368 731 432">
     <span class='ocr_line' id='line_1_1' title="bbox 691 368 731 432; baseline -0.025 0"><span class='ocrx_word' id='word_1_1' title='bbox 691 368 731 432; x_wconf 73' lang='lat'>87</span> 
     </span>
    </p>
   </div>
   <div class='ocr_carea' id='block_1_2' title="bbox 152 558 1272 1503">
    <p class='ocr_par' dir='ltr' id='par_1_2' title="bbox 152 558 1272 1059">
     <span class='ocr_line' id='line_1_2' title="bbox 152 558 1271 648; baseline 0.003 -25"><span class='ocrx_word' id='word_1_2' title='bbox 152 558 323 625; x_wconf 81' lang='lat' dir='ltr'>reserenda</span> <span class='ocrx_word' id='word_1_3' title='bbox 364 566 438 625; x_wconf 90' lang='lat' dir='ltr'>sunt</span> <span class='ocrx_word' id='word_1_4' title='bbox 474 579 545 625; x_wconf 94' lang='lat' dir='ltr'>cum</span> <span class='ocrx_word' id='word_1_5' title='bbox 582 560 683 627; x_wconf 91' lang='lat' dir='ltr'>multa</span> <span class='ocrx_word' id='word_1_6' title='bbox 719 562 879 628; x_wconf 86' lang='lat' dir='ltr'>vocabula</span> <span class='ocrx_word' id='word_1_7' title='bbox 911 563 1038 629; x_wconf 86' lang='lat' dir='ltr'>Graeca</span> <span class='ocrx_word' id='word_1_8' title='bbox 1071 581 1111 627; x_wconf 85' lang='lat' dir='ltr'>ex</span> <span class='ocrx_word' id='word_1_9' title='bbox 1144 581 1213 648; x_wconf 90' lang='lat' dir='ltr'>cap.</span> <span class='ocrx_word' id='word_1_10' title='bbox 1246 564 1271 647; x_wconf 90' lang='lat' dir='ltr'>I,</span> 
     </span>
     <span class='ocr_line' id='line_1_3' title="bbox 152 667 1272 758; baseline 0 -24"><span class='ocrx_word' id='word_1_11' title='bbox 152 687 178 751; x_wconf 89' lang='lat' dir='ltr'>p.</span> <span class='ocrx_word' id='word_1_12' title='bbox 204 669 264 734; x_wconf 83' lang='lat'>66:</span> <span class='ocrx_word' id='word_1_13' title='bbox 293 667 326 751; x_wconf 94' lang='lat' dir='ltr'>b,</span> <span class='ocrx_word' id='word_1_14' title='bbox 351 689 382 750; x_wconf 83' lang='lat' dir='ltr'>a,</span> <span class='ocrx_word' id='word_1_15' title='bbox 406 689 447 732; x_wconf 88' lang='grc' dir='ltr'>αα</span> <span class='ocrx_word' id='word_1_16' title='bbox 469 673 536 732; x_wconf 90' lang='lat' dir='ltr'>tum</span> <span class='ocrx_word' id='word_1_17' title='bbox 563 688 627 733; x_wconf 83' lang='lat' dir='ltr'>vox</span> <span class='ocrx_word' id='word_1_18' title='bbox 655 676 793 754; x_wconf 82' lang='lat' dir='ltr'>crypta</span> <span class='ocrx_word' id='word_1_19' title='bbox 821 671 870 748; x_wconf 84' lang='lat' dir='ltr'>(V,</span> <span class='ocrx_word' id='word_1_20' title='bbox 898 672 988 758; x_wconf 74' lang='lat'>106),</span> <span class='ocrx_word' id='word_1_21' title='bbox 1016 690 1081 753; x_wconf 89' lang='lat' dir='ltr'>qua</span> <span class='ocrx_word' id='word_1_22' title='bbox 1108 669 1272 736; x_wconf 87' lang='lat' dir='ltr'>luvenalis</span> 
     </span>
     <span class='ocr_line' id='line_1_4' title="bbox 152 773 701 857; baseline 0.009 -20"><span class='ocrx_word' id='word_1_23' title='bbox 152 793 206 857; x_wconf 89' lang='lat' dir='ltr'>per</span> <span class='ocrx_word' id='word_1_24' title='bbox 229 792 390 839; x_wconf 87' lang='lat' dir='ltr'>summam</span> <span class='ocrx_word' id='word_1_25' title='bbox 413 773 570 838; x_wconf 90' lang='lat' dir='ltr'>malitiam</span> <span class='ocrx_word' id='word_1_26' title='bbox 592 775 701 842; x_wconf 90' lang='lat' dir='ltr'>utitur.</span> 
     </span>
     <span class='ocr_line' id='line_1_5' title="bbox 213 879 447 963; baseline 0.004 -19"><span class='ocrx_word' id='word_1_27' title='bbox 213 881 324 963; x_wconf 84' lang='lat' dir='ltr'>Atque</span> <span class='ocrx_word' id='word_1_28' title='bbox 348 879 447 945; x_wconf 90' lang='lat' dir='ltr'>etiam</span> 
     </span>
     <span class='ocr_line' id='line_1_6' title="bbox 551 984 1209 1059; baseline 0.002 -17"><span class='ocrx_word' id='word_1_29' title='bbox 551 984 575 1055; x_wconf 82' lang='grc' dir='ltr'>δ)</span> <span class='ocrx_word' id='word_1_30' title='bbox 594 989 680 1043; x_wconf 84' lang='lat' dir='ltr'>artis</span> <span class='ocrx_word' id='word_1_31' title='bbox 699 989 870 1059; x_wconf 83' lang='lat' dir='ltr'>fingendi,</span> <span class='ocrx_word' id='word_1_32' title='bbox 1207 1050 1209 1054; x_wconf 49' lang='grc'>,</span> 
     </span>
    </p>

    <p class='ocr_par' dir='ltr' id='par_1_3' title="bbox 155 1093 1272 1503">
     <span class='ocr_line' id='line_1_7' title="bbox 155 1093 1272 1180; baseline 0.001 -21"><span class='ocrx_word' id='word_1_33' title='bbox 155 1093 241 1161; x_wconf 88' lang='lat' dir='ltr'>cuins</span> <span class='ocrx_word' id='word_1_34' title='bbox 264 1094 426 1179; x_wconf 87' lang='lat' dir='ltr'>permulta</span> <span class='ocrx_word' id='word_1_35' title='bbox 454 1096 585 1161; x_wconf 91' lang='lat' dir='ltr'>nomina</span> <span class='ocrx_word' id='word_1_36' title='bbox 609 1103 701 1162; x_wconf 89' lang='lat' dir='ltr'>erant</span> <span class='ocrx_word' id='word_1_37' title='bbox 725 1095 868 1180; x_wconf 85' lang='lat' dir='ltr'>Graeca,</span> <span class='ocrx_word' id='word_1_38' title='bbox 898 1116 969 1162; x_wconf 89' lang='lat' dir='ltr'>cum</span> <span class='ocrx_word' id='word_1_39' title='bbox 993 1095 1172 1162; x_wconf 80' lang='lat' dir='ltr'>acerbitate</span> <span class='ocrx_word' id='word_1_40' title='bbox 1196 1116 1272 1180; x_wconf 92' lang='lat' dir='ltr'>qua-</span> 
     </span>
     <span class='ocr_line' id='line_1_8' title="bbox 156 1201 1272 1288; baseline 0 -22"><span class='ocrx_word' id='word_1_41' title='bbox 156 1201 224 1266; x_wconf 87' lang='lat' dir='ltr'>dam</span> <span class='ocrx_word' id='word_1_42' title='bbox 246 1201 537 1286; x_wconf 73' lang='lat' dir='ltr'>mennonium,</span> <span class='ocrx_word' id='word_1_43' title='bbox 564 1205 627 1269; x_wconf 78' lang='lat'>102</span> <span class='ocrx_word' id='word_1_44' title='bbox 652 1223 735 1288; x_wconf 89' lang='lat' dir='ltr'>sqq,</span> <span class='ocrx_word' id='word_1_45' title='bbox 759 1203 792 1268; x_wconf 92' lang='lat' dir='ltr'>in</span> <span class='ocrx_word' id='word_1_46' title='bbox 816 1203 932 1287; x_wconf 86' lang='lat' dir='ltr'>quibus</span> <span class='ocrx_word' id='word_1_47' title='bbox 955 1203 1102 1269; x_wconf 83' lang='lat' dir='ltr'>versibus</span> <span class='ocrx_word' id='word_1_48' title='bbox 1127 1202 1168 1270; x_wconf 90' lang='lat' dir='ltr'>de</span> <span class='ocrx_word' id='word_1_49' title='bbox 1192 1203 1272 1268; x_wconf 87' lang='lat' dir='ltr'>Sici·</span> 
     </span>
     <span class='ocr_line' id='line_1_9' title="bbox 155 1307 1272 1394; baseline 0 -21"><span class='ocrx_word' id='word_1_50' title='bbox 155 1307 301 1374; x_wconf 88' lang='lat' dir='ltr'>liensium</span> <span class='ocrx_word' id='word_1_51' title='bbox 337 1309 488 1394; x_wconf 83' lang='lat' dir='ltr'>operibus</span> <span class='ocrx_word' id='word_1_52' title='bbox 520 1309 658 1376; x_wconf 84' lang='lat' dir='ltr'>traditur</span> <span class='ocrx_word' id='word_1_53' title='bbox 695 1317 727 1376; x_wconf 90' lang='lat' dir='ltr'>et</span> <span class='ocrx_word' id='word_1_54' title='bbox 763 1310 936 1376; x_wconf 78' lang='lat' dir='ltr'>clarissimi</span> <span class='ocrx_word' id='word_1_55' title='bbox 973 1309 1114 1376; x_wconf 87' lang='lat' dir='ltr'>artifices</span> <span class='ocrx_word' id='word_1_56' title='bbox 1156 1309 1272 1376; x_wconf 84' lang='lat' dir='ltr'>Graeci</span> 
     </span>
     <span class='ocr_line' id='line_1_10' title="bbox 156 1414 1132 1503; baseline 0.003 -22"><span class='ocrx_word' id='word_1_57' title='bbox 156 1414 453 1494; x_wconf 85' lang='lat' dir='ltr'>enumerantur,cf.</span> <span class='ocrx_word' id='word_1_58' title='bbox 478 1416 576 1482; x_wconf 91' lang='lat' dir='ltr'>etiam</span> <span class='ocrx_word' id='word_1_59' title='bbox 599 1438 630 1502; x_wconf 91' lang='lat' dir='ltr'>p.</span> <span class='ocrx_word' id='word_1_60' title='bbox 654 1419 697 1485; x_wconf 89' lang='grc'>66</span> <span class='ocrx_word' id='word_1_61' title='bbox 722 1438 769 1501; x_wconf 86' lang='lat' dir='ltr'>sq.</span> <span class='ocrx_word' id='word_1_62' title='bbox 794 1420 841 1503; x_wconf 83' lang='grc' dir='ltr'>ββ,</span> <span class='ocrx_word' id='word_1_63' title='bbox 866 1423 951 1501; x_wconf 90' lang='lat' dir='ltr'>etp.</span> <span class='ocrx_word' id='word_1_64' title='bbox 976 1420 1026 1503; x_wconf 74' lang='lat'>77,</span> <span class='ocrx_word' id='word_1_65' title='bbox 1051 1421 1080 1502; x_wconf 77' lang='lat'>2,</span> <span class='ocrx_word' id='word_1_66' title='bbox 1105 1437 1132 1484; x_wconf 90' lang='lat' dir='ltr'>a.</span> 
     </span>
    </p>
   </div>
   <div class='ocr_carea' id='block_1_3' title="bbox 391 1595 1029 1740">
    <p class='ocr_par' dir='ltr' id='par_1_4' title="bbox 391 1595 1029 1740">
     <span class='ocr_line' id='line_1_11' title="bbox 391 1595 1029 1664; baseline 0.005 -16"><span class='ocrx_word' id='word_1_67' title='bbox 391 1596 420 1656; x_wconf 89' lang='lat' dir='ltr'>b)</span> <span class='ocrx_word' id='word_1_68' title='bbox 446 1595 497 1648; x_wconf 87' lang='lat' dir='ltr'>Ad</span> <span class='ocrx_word' id='word_1_69' title='bbox 512 1597 711 1664; x_wconf 40' lang='lat' dir='ltr'>,exagitanda</span> <span class='ocrx_word' id='word_1_70' title='bbox 727 1598 904 1651; x_wconf 87' lang='lat' dir='ltr'>litterarum</span> <span class='ocrx_word' id='word_1_71' title='bbox 923 1597 1029 1652; x_wconf 86' lang='lat' dir='ltr'>studia</span> 
     </span>
     <span class='ocr_line' id='line_1_12' title="bbox 494 1687 934 1740; baseline 0.002 -1"><span class='ocrx_word' id='word_1_72' title='bbox 494 1702 514 1739; x_wconf 85' lang='lat' dir='ltr'>a</span> <span class='ocrx_word' id='word_1_73' title='bbox 533 1687 663 1740; x_wconf 86' lang='lat' dir='ltr'>Graecis</span> <span class='ocrx_word' id='word_1_74' title='bbox 682 1687 816 1740; x_wconf 82' lang='lat' dir='ltr'>Romam</span> <span class='ocrx_word' id='word_1_75' title='bbox 834 1687 934 1740; x_wconf 86' lang='lat' dir='ltr'>illata.</span> 
     </span>
    </p>
   </div>
   <div class='ocr_carea' id='block_1_4' title="bbox 152 1806 1274 2533">
    <p class='ocr_par' dir='ltr' id='par_1_5' title="bbox 152 1806 1274 2533">
     <span class='ocr_line' id='line_1_13' title="bbox 215 1806 1273 1875; baseline 0.001 -4"><span class='ocrx_word' id='word_1_76' title='bbox 215 1806 413 1873; x_wconf 81' lang='lat' dir='ltr'>Litterarum</span> <span class='ocrx_word' id='word_1_77' title='bbox 447 1828 523 1874; x_wconf 88' lang='lat' dir='ltr'>vero</span> <span class='ocrx_word' id='word_1_78' title='bbox 556 1808 665 1874; x_wconf 91' lang='lat' dir='ltr'>studia</span> <span class='ocrx_word' id='word_1_79' title='bbox 694 1830 735 1875; x_wconf 87' lang='lat' dir='ltr'>ex</span> <span class='ocrx_word' id='word_1_80' title='bbox 763 1809 903 1875; x_wconf 83' lang='lat' dir='ltr'>Graecia</span> <span class='ocrx_word' id='word_1_81' title='bbox 931 1809 964 1873; x_wconf 93' lang='lat' dir='ltr'>in</span> <span class='ocrx_word' id='word_1_82' title='bbox 997 1809 1107 1875; x_wconf 91' lang='lat' dir='ltr'>urbem</span> <span class='ocrx_word' id='word_1_83' title='bbox 1138 1809 1273 1874; x_wconf 86' lang='lat' dir='ltr'>Romam</span> 
     </span>
     <span class='ocr_line' id='line_1_14' title="bbox 153 1913 1274 2001; baseline 0.003 -25"><span class='ocrx_word' id='word_1_84' title='bbox 153 1913 309 1979; x_wconf 78' lang='lat' dir='ltr'>transisse</span> <span class='ocrx_word' id='word_1_85' title='bbox 332 1914 405 1997; x_wconf 92' lang='lat' dir='ltr'>quis</span> <span class='ocrx_word' id='word_1_86' title='bbox 430 1921 493 1993; x_wconf 90' lang='lat' dir='ltr'>est,</span> <span class='ocrx_word' id='word_1_87' title='bbox 522 1916 577 1998; x_wconf 95' lang='lat' dir='ltr'>qui</span> <span class='ocrx_word' id='word_1_88' title='bbox 605 1915 751 1982; x_wconf 87' lang='lat' dir='ltr'>nesciat?</span> <span class='ocrx_word' id='word_1_89' title='bbox 797 1917 1008 2001; x_wconf 86' lang='lat' dir='ltr'>Perspicuum</span> <span class='ocrx_word' id='word_1_90' title='bbox 1030 1916 1130 2000; x_wconf 83' lang='lat' dir='ltr'>igitur</span> <span class='ocrx_word' id='word_1_91' title='bbox 1154 1924 1187 1981; x_wconf 90' lang='lat' dir='ltr'>et</span> <span class='ocrx_word' id='word_1_92' title='bbox 1210 1916 1274 1981; x_wconf 89' lang='lat' dir='ltr'>evi-</span> 
     </span>
     <span class='ocr_line' id='line_1_15' title="bbox 154 2017 1274 2088; baseline 0.002 -5"><span class='ocrx_word' id='word_1_93' title='bbox 154 2017 230 2085; x_wconf 90' lang='lat' dir='ltr'>deus</span> <span class='ocrx_word' id='word_1_94' title='bbox 266 2028 318 2086; x_wconf 90' lang='lat' dir='ltr'>est</span> <span class='ocrx_word' id='word_1_95' title='bbox 349 2020 450 2087; x_wconf 86' lang='lat' dir='ltr'>multa</span> <span class='ocrx_word' id='word_1_96' title='bbox 476 2021 635 2087; x_wconf 90' lang='lat' dir='ltr'>vocabula</span> <span class='ocrx_word' id='word_1_97' title='bbox 664 2021 791 2087; x_wconf 83' lang='lat' dir='ltr'>Graeca</span> <span class='ocrx_word' id='word_1_98' title='bbox 818 2022 935 2088; x_wconf 88' lang='lat' dir='ltr'>artium</span> <span class='ocrx_word' id='word_1_99' title='bbox 968 2030 1001 2088; x_wconf 88' lang='lat' dir='ltr'>et</span> <span class='ocrx_word' id='word_1_100' title='bbox 1031 2023 1212 2087; x_wconf 87' lang='lat' dir='ltr'>rhetoricae</span> <span class='ocrx_word' id='word_1_101' title='bbox 1243 2029 1274 2087; x_wconf 89' lang='lat' dir='ltr'>et</span> 
     </span>
     <span class='ocr_line' id='line_1_16' title="bbox 152 2125 1273 2214; baseline 0.001 -23"><span class='ocrx_word' id='word_1_102' title='bbox 152 2126 313 2211; x_wconf 85' lang='lat' dir='ltr'>poeticae,</span> <span class='ocrx_word' id='word_1_103' title='bbox 342 2125 577 2213; x_wconf 87' lang='lat' dir='ltr'>philosophiae,</span> <span class='ocrx_word' id='word_1_104' title='bbox 601 2128 737 2193; x_wconf 91' lang='lat' dir='ltr'>aliarum</span> <span class='ocrx_word' id='word_1_105' title='bbox 761 2129 954 2214; x_wconf 84' lang='lat' dir='ltr'>litterarum,</span> <span class='ocrx_word' id='word_1_106' title='bbox 984 2148 1068 2212; x_wconf 90' lang='lat' dir='ltr'>quae</span> <span class='ocrx_word' id='word_1_107' title='bbox 1091 2148 1112 2193; x_wconf 87' lang='lat' dir='ltr'>a</span> <span class='ocrx_word' id='word_1_108' title='bbox 1136 2128 1273 2194; x_wconf 84' lang='lat' dir='ltr'>Graecis</span> 
     </span>
     <span class='ocr_line' id='line_1_17' title="bbox 152 2233 1273 2316; baseline 0 -18"><span class='ocrx_word' id='word_1_109' title='bbox 152 2233 273 2316; x_wconf 89' lang='lat' dir='ltr'>petitae</span> <span class='ocrx_word' id='word_1_110' title='bbox 298 2239 402 2313; x_wconf 89' lang='lat' dir='ltr'>erant,</span> <span class='ocrx_word' id='word_1_111' title='bbox 430 2235 464 2299; x_wconf 95' lang='lat' dir='ltr'>in</span> <span class='ocrx_word' id='word_1_112' title='bbox 487 2235 651 2301; x_wconf 84' lang='lat' dir='ltr'>Iuvenalis</span> <span class='ocrx_word' id='word_1_113' title='bbox 680 2244 808 2300; x_wconf 86' lang='lat' dir='ltr'>saturas</span> <span class='ocrx_word' id='word_1_114' title='bbox 832 2235 952 2301; x_wconf 90' lang='lat' dir='ltr'>abisse.</span> <span class='ocrx_word' id='word_1_115' title='bbox 999 2236 1081 2300; x_wconf 88' lang='lat' dir='ltr'>Huic</span> <span class='ocrx_word' id='word_1_116' title='bbox 1105 2233 1273 2299; x_wconf 90' lang='lat' dir='ltr'>doctrinae</span> 
     </span>
     <span class='ocr_line' id='line_1_18' title="bbox 152 2339 1273 2426; baseline 0 -21"><span class='ocrx_word' id='word_1_117' title='bbox 152 2347 216 2405; x_wconf 92' lang='lat' dir='ltr'>tum</span> <span class='ocrx_word' id='word_1_118' title='bbox 250 2341 415 2406; x_wconf 84' lang='lat' dir='ltr'>vacabant</span> <span class='ocrx_word' id='word_1_119' title='bbox 447 2361 558 2407; x_wconf 91' lang='lat' dir='ltr'>omnes</span> <span class='ocrx_word' id='word_1_120' title='bbox 590 2340 749 2426; x_wconf 88' lang='lat' dir='ltr'>homines,</span> <span class='ocrx_word' id='word_1_121' title='bbox 783 2342 881 2406; x_wconf 89' lang='lat' dir='ltr'>etiam</span> <span class='ocrx_word' id='word_1_122' title='bbox 912 2339 1079 2426; x_wconf 88' lang='lat' dir='ltr'>mulieres,</span> <span class='ocrx_word' id='word_1_123' title='bbox 1112 2343 1196 2424; x_wconf 91' lang='lat' dir='ltr'>qua&#39;e</span> <span class='ocrx_word' id='word_1_124' title='bbox 1219 2342 1273 2426; x_wconf 88' lang='lat' dir='ltr'>VI,</span> 
     </span>
     <span class='ocr_line' id='line_1_19' title="bbox 153 2447 946 2533; baseline 0.003 -22"><span class='ocrx_word' id='word_1_125' title='bbox 153 2449 329 2515; x_wconf 77' lang='lat'>434—456</span> <span class='ocrx_word' id='word_1_126' title='bbox 351 2453 483 2532; x_wconf 88' lang='lat' dir='ltr'>propter</span> <span class='ocrx_word' id='word_1_127' title='bbox 506 2447 590 2513; x_wconf 89' lang='lat' dir='ltr'>hanc</span> <span class='ocrx_word' id='word_1_128' title='bbox 613 2468 679 2514; x_wconf 93' lang='lat' dir='ltr'>rem</span> <span class='ocrx_word' id='word_1_129' title='bbox 703 2448 946 2533; x_wconf 86' lang='lat' dir='ltr'>increpitantur.</span> 
     </span>
    </p>
   </div>
   <div class='ocr_carea' id='block_1_5' title="bbox 217 2552 1273 2641">
    <p class='ocr_par' dir='ltr' id='par_1_6' title="bbox 217 2552 1273 2641">
     <span class='ocr_line' id='line_1_20' title="bbox 217 2552 1273 2641; baseline -0.004 -19"><span class='ocrx_word' id='word_1_130' title='bbox 217 2555 290 2622; x_wconf 90' lang='lat' dir='ltr'>Non</span> <span class='ocrx_word' id='word_1_131' title='bbox 321 2574 424 2641; x_wconf 89' lang='lat' dir='ltr'>parva</span> <span class='ocrx_word' id='word_1_132' title='bbox 451 2575 566 2621; x_wconf 86' lang='lat' dir='ltr'>vocum</span> <span class='ocrx_word' id='word_1_133' title='bbox 595 2555 792 2620; x_wconf 84' lang='lat' dir='ltr'>Graecarum</span> <span class='ocrx_word' id='word_1_134' title='bbox 824 2574 900 2638; x_wconf 85' lang='lat' dir='ltr'>pars</span> <span class='ocrx_word' id='word_1_135' title='bbox 929 2559 1057 2640; x_wconf 87' lang='lat' dir='ltr'>spectat</span> <span class='ocrx_word' id='word_1_136' title='bbox 1085 2552 1127 2619; x_wconf 90' lang='lat' dir='ltr'>ad</span> <span class='ocrx_word' id='word_1_137' title='bbox 1155 2561 1273 2639; x_wconf 89' lang='lat' dir='ltr'>poetae</span> 
     </span>
    </p>
   </div>
   <div class='ocr_carea' id='block_1_6' title="bbox 526 2714 898 2783">
    <p class='ocr_par' dir='ltr' id='par_1_7' title="bbox 526 2714 898 2783">
     <span class='ocr_line' id='line_1_21' title="bbox 526 2714 898 2783; baseline 0.016 -19"><span class='ocrx_word' id='word_1_138' title='bbox 526 2714 555 2783; x_wconf 86' lang='grc' dir='ltr'>α)</span> <span class='ocrx_word' id='word_1_139' title='bbox 574 2714 692 2771; x_wconf 87' lang='lat' dir='ltr'>studia</span> <span class='ocrx_word' id='word_1_140' title='bbox 710 2715 898 2781; x_wconf 88' lang='lat' dir='ltr'>rhetorica,</span> 
     </span>
    </p>
   </div>
   <div class='ocr_carea' id='block_1_7' title="bbox 150 2819 1274 4513">
    <p class='ocr_par' dir='ltr' id='par_1_8' title="bbox 150 2819 1274 4513">
     <span class='ocr_line' id='line_1_22' title="bbox 152 2819 1271 2906; baseline 0.002 -21"><span class='ocrx_word' id='word_1_141' title='bbox 152 2840 234 2904; x_wconf 90' lang='lat' dir='ltr'>qnae</span> <span class='ocrx_word' id='word_1_142' title='bbox 272 2826 347 2888; x_wconf 88' lang='lat' dir='ltr'>sunt</span> <span class='ocrx_word' id='word_1_143' title='bbox 382 2820 550 2906; x_wconf 85' lang='lat' dir='ltr'>permultis</span> <span class='ocrx_word' id='word_1_144' title='bbox 588 2829 769 2888; x_wconf 89' lang='lat' dir='ltr'>saturarum</span> <span class='ocrx_word' id='word_1_145' title='bbox 806 2822 888 2888; x_wconf 87' lang='lat' dir='ltr'>locis</span> <span class='ocrx_word' id='word_1_146' title='bbox 925 2820 1109 2887; x_wconf 81' lang='lat' dir='ltr'>manifesta.</span> <span class='ocrx_word' id='word_1_147' title='bbox 1163 2819 1271 2898; x_wconf 79' lang='lat' dir='ltr'>Quid?</span> 
     </span>
     <span class='ocr_line' id='line_1_23' title="bbox 150 2928 1273 3012; baseline 0 -21"><span class='ocrx_word' id='word_1_148' title='bbox 150 2928 175 3007; x_wconf 92' lang='lat' dir='ltr'>I,</span> <span class='ocrx_word' id='word_1_149' title='bbox 202 2929 244 2994; x_wconf 81' lang='lat'>15</span> <span class='ocrx_word' id='word_1_150' title='bbox 268 2947 339 3012; x_wconf 87' lang='lat' dir='ltr'>sqq.</span> <span class='ocrx_word' id='word_1_151' title='bbox 368 2947 404 2993; x_wconf 91' lang='lat' dir='ltr'>se</span> <span class='ocrx_word' id='word_1_152' title='bbox 432 2929 549 2994; x_wconf 87' lang='lat' dir='ltr'>studiis</span> <span class='ocrx_word' id='word_1_153' title='bbox 572 2929 741 2995; x_wconf 84' lang='lat' dir='ltr'>rhetoricis</span> <span class='ocrx_word' id='word_1_154' title='bbox 770 2929 914 2995; x_wconf 93' lang='lat' dir='ltr'>deditum</span> <span class='ocrx_word' id='word_1_155' title='bbox 938 2928 1054 3009; x_wconf 87' lang='lat' dir='ltr'>fuisse,</span> <span class='ocrx_word' id='word_1_156' title='bbox 1083 2928 1273 3011; x_wconf 83' lang='lat' dir='ltr'>priusquam</span> 
     </span>
     <span class='ocr_line' id='line_1_24' title="bbox 151 3034 1272 3121; baseline 0.004 -24"><span class='ocrx_word' id='word_1_157' title='bbox 151 3034 182 3099; x_wconf 93' lang='lat' dir='ltr'>in</span> <span class='ocrx_word' id='word_1_158' title='bbox 215 3041 345 3101; x_wconf 87' lang='lat' dir='ltr'>saturas</span> <span class='ocrx_word' id='word_1_159' title='bbox 380 3034 568 3101; x_wconf 90' lang='lat' dir='ltr'>condendas</span> <span class='ocrx_word' id='word_1_160' title='bbox 599 3036 807 3120; x_wconf 87' lang='lat' dir='ltr'>incumberet,</span> <span class='ocrx_word' id='word_1_161' title='bbox 840 3056 945 3101; x_wconf 93' lang='lat' dir='ltr'>nonne</span> <span class='ocrx_word' id='word_1_162' title='bbox 977 3036 1050 3121; x_wconf 88' lang='lat' dir='ltr'>ipse</span> <span class='ocrx_word' id='word_1_163' title='bbox 1083 3034 1272 3119; x_wconf 80' lang='lat' dir='ltr'>profitetur?</span> 
     </span>
     <span class='ocr_line' id='line_1_25' title="bbox 151 3141 1272 3227; baseline -0.001 -22"><span class='ocrx_word' id='word_1_164' title='bbox 151 3141 293 3224; x_wconf 78' lang='lat' dir='ltr'>Etenim,</span> <span class='ocrx_word' id='word_1_165' title='bbox 327 3162 398 3207; x_wconf 92' lang='lat' dir='ltr'>cum</span> <span class='ocrx_word' id='word_1_166' title='bbox 431 3141 487 3206; x_wconf 90' lang='lat' dir='ltr'>illo</span> <span class='ocrx_word' id='word_1_167' title='bbox 519 3150 663 3227; x_wconf 88' lang='lat' dir='ltr'>tempore</span> <span class='ocrx_word' id='word_1_168' title='bbox 691 3143 788 3208; x_wconf 88' lang='lat' dir='ltr'>moris</span> <span class='ocrx_word' id='word_1_169' title='bbox 820 3150 921 3225; x_wconf 88' lang='lat' dir='ltr'>esset,</span> <span class='ocrx_word' id='word_1_170' title='bbox 954 3151 990 3208; x_wconf 90' lang='lat' dir='ltr'>ut</span> <span class='ocrx_word' id='word_1_171' title='bbox 1016 3143 1153 3207; x_wconf 89' lang='lat' dir='ltr'>Romani</span> <span class='ocrx_word' id='word_1_172' title='bbox 1178 3162 1272 3206; x_wconf 91' lang='lat' dir='ltr'>omne</span> 
     </span>
     <span class='ocr_line' id='line_1_26' title="bbox 150 3245 1273 3335; baseline 0.001 -24"><span class='ocrx_word' id='word_1_173' title='bbox 150 3247 329 3314; x_wconf 89' lang='lat' dir='ltr'>litterarum</span> <span class='ocrx_word' id='word_1_174' title='bbox 362 3245 465 3333; x_wconf 82' lang='lat' dir='ltr'>genus</span> <span class='ocrx_word' id='word_1_175' title='bbox 498 3269 518 3312; x_wconf 90' lang='lat' dir='ltr'>a</span> <span class='ocrx_word' id='word_1_176' title='bbox 551 3248 685 3314; x_wconf 85' lang='lat' dir='ltr'>Graecis</span> <span class='ocrx_word' id='word_1_177' title='bbox 713 3250 892 3335; x_wconf 88' lang='lat' dir='ltr'>profectum</span> <span class='ocrx_word' id='word_1_178' title='bbox 920 3249 1077 3334; x_wconf 88' lang='lat' dir='ltr'>colerent,</span> <span class='ocrx_word' id='word_1_179' title='bbox 1111 3249 1273 3314; x_wconf 85' lang='lat' dir='ltr'>rhetorica</span> 
     </span>
     <span class='ocr_line' id='line_1_27' title="bbox 152 3353 1272 3439; baseline -0.002 -18"><span class='ocrx_word' id='word_1_180' title='bbox 152 3374 279 3439; x_wconf 92' lang='lat' dir='ltr'>quoqne</span> <span class='ocrx_word' id='word_1_181' title='bbox 325 3374 378 3421; x_wconf 85' lang='lat' dir='ltr'>ars</span> <span class='ocrx_word' id='word_1_182' title='bbox 429 3375 450 3420; x_wconf 91' lang='lat' dir='ltr'>a</span> <span class='ocrx_word' id='word_1_183' title='bbox 500 3355 666 3438; x_wconf 84' lang='lat' dir='ltr'>magistris</span> <span class='ocrx_word' id='word_1_184' title='bbox 717 3355 851 3422; x_wconf 87' lang='lat' dir='ltr'>Graecis</span> <span class='ocrx_word' id='word_1_185' title='bbox 903 3353 1098 3424; x_wconf 88' lang='lat' dir='ltr'>discebatur.</span> <span class='ocrx_word' id='word_1_186' title='bbox 1168 3353 1272 3432; x_wconf 78' lang='lat' dir='ltr'>Quam</span> 
     </span>
     <span class='ocr_line' id='line_1_28' title="bbox 152 3461 1270 3547; baseline -0.002 -20"><span class='ocrx_word' id='word_1_187' title='bbox 152 3463 191 3527; x_wconf 93' lang='lat' dir='ltr'>oh</span> <span class='ocrx_word' id='word_1_188' title='bbox 237 3482 306 3527; x_wconf 89' lang='lat' dir='ltr'>rem</span> <span class='ocrx_word' id='word_1_189' title='bbox 356 3462 464 3527; x_wconf 91' lang='lat' dir='ltr'>omnia</span> <span class='ocrx_word' id='word_1_190' title='bbox 510 3461 577 3527; x_wconf 87' lang='lat' dir='ltr'>fere</span> <span class='ocrx_word' id='word_1_191' title='bbox 626 3462 798 3547; x_wconf 83' lang='lat' dir='ltr'>vocabula,</span> <span class='ocrx_word' id='word_1_192' title='bbox 845 3482 929 3545; x_wconf 92' lang='lat' dir='ltr'>quae</span> <span class='ocrx_word' id='word_1_193' title='bbox 975 3462 1017 3527; x_wconf 90' lang='lat' dir='ltr'>ad</span> <span class='ocrx_word' id='word_1_194' title='bbox 1064 3461 1155 3526; x_wconf 89' lang='lat' dir='ltr'>illam</span> <span class='ocrx_word' id='word_1_195' title='bbox 1200 3481 1270 3546; x_wconf 89' lang='lat' dir='ltr'>per-</span> 
     </span>
     <span class='ocr_line' id='line_1_29' title="bbox 152 3568 1272 3654; baseline 0 -22"><span class='ocrx_word' id='word_1_196' title='bbox 152 3569 264 3654; x_wconf 85' lang='lat' dir='ltr'>tinent,</span> <span class='ocrx_word' id='word_1_197' title='bbox 299 3576 391 3634; x_wconf 91' lang='lat' dir='ltr'>erant</span> <span class='ocrx_word' id='word_1_198' title='bbox 423 3568 570 3634; x_wconf 87' lang='lat' dir='ltr'>Graecae</span> <span class='ocrx_word' id='word_1_199' title='bbox 603 3569 749 3652; x_wconf 85' lang='lat' dir='ltr'>originis,</span> <span class='ocrx_word' id='word_1_200' title='bbox 785 3575 817 3635; x_wconf 91' lang='lat' dir='ltr'>et</span> <span class='ocrx_word' id='word_1_201' title='bbox 850 3590 921 3635; x_wconf 89' lang='lat' dir='ltr'>cum</span> <span class='ocrx_word' id='word_1_202' title='bbox 954 3569 1073 3634; x_wconf 90' lang='lat' dir='ltr'>Latina</span> <span class='ocrx_word' id='word_1_203' title='bbox 1111 3568 1272 3651; x_wconf 88' lang='lat' dir='ltr'>deessent,</span> 
     </span>
     <span class='ocr_line' id='line_1_30' title="bbox 152 3674 1272 3759; baseline -0.001 -19"><span class='ocrx_word' id='word_1_204' title='bbox 152 3675 183 3742; x_wconf 90' lang='lat' dir='ltr'>in</span> <span class='ocrx_word' id='word_1_205' title='bbox 212 3695 360 3742; x_wconf 88' lang='lat' dir='ltr'>sermone</span> <span class='ocrx_word' id='word_1_206' title='bbox 388 3675 551 3742; x_wconf 89' lang='lat' dir='ltr'>cotidiano</span> <span class='ocrx_word' id='word_1_207' title='bbox 581 3677 804 3743; x_wconf 88' lang='lat' dir='ltr'>usitatissima.</span> <span class='ocrx_word' id='word_1_208' title='bbox 852 3674 944 3753; x_wconf 80' lang='lat' dir='ltr'>Quae</span> <span class='ocrx_word' id='word_1_209' title='bbox 974 3696 1045 3742; x_wconf 90' lang='lat' dir='ltr'>cum</span> <span class='ocrx_word' id='word_1_210' title='bbox 1078 3675 1125 3742; x_wconf 92' lang='lat' dir='ltr'>ita</span> <span class='ocrx_word' id='word_1_211' title='bbox 1155 3680 1272 3759; x_wconf 88' lang='lat' dir='ltr'>essent,</span> 
     </span>
     <span class='ocr_line' id='line_1_31' title="bbox 152 3782 1273 3867; baseline -0.002 -19"><span class='ocrx_word' id='word_1_212' title='bbox 152 3803 190 3850; x_wconf 96' lang='lat' dir='ltr'>ne</span> <span class='ocrx_word' id='word_1_213' title='bbox 229 3784 394 3849; x_wconf 88' lang='lat' dir='ltr'>Iuvenalis</span> <span class='ocrx_word' id='word_1_214' title='bbox 436 3782 567 3867; x_wconf 91' lang='lat' dir='ltr'>quidem</span> <span class='ocrx_word' id='word_1_215' title='bbox 603 3782 655 3850; x_wconf 89' lang='lat' dir='ltr'>his</span> <span class='ocrx_word' id='word_1_216' title='bbox 693 3783 828 3851; x_wconf 80' lang='lat' dir='ltr'>Graecis</span> <span class='ocrx_word' id='word_1_217' title='bbox 870 3784 950 3849; x_wconf 84' lang='lat' dir='ltr'>artis</span> <span class='ocrx_word' id='word_1_218' title='bbox 991 3782 1175 3848; x_wconf 87' lang='lat' dir='ltr'>nominibus</span> <span class='ocrx_word' id='word_1_219' title='bbox 1217 3783 1273 3846; x_wconf 88' lang='lat' dir='ltr'>ab·</span> 
     </span>
     <span class='ocr_line' id='line_1_32' title="bbox 153 3889 1274 3975; baseline -0.002 -20"><span class='ocrx_word' id='word_1_220' title='bbox 153 3891 277 3974; x_wconf 85' lang='lat' dir='ltr'>stinuit,</span> <span class='ocrx_word' id='word_1_221' title='bbox 317 3891 508 3975; x_wconf 88' lang='lat' dir='ltr'>praesertim</span> <span class='ocrx_word' id='word_1_222' title='bbox 549 3910 621 3956; x_wconf 89' lang='lat' dir='ltr'>cum</span> <span class='ocrx_word' id='word_1_223' title='bbox 661 3890 822 3958; x_wconf 89' lang='lat' dir='ltr'>rhetorum</span> <span class='ocrx_word' id='word_1_224' title='bbox 866 3889 1130 3956; x_wconf 87' lang='lat' dir='ltr'>consuetudinem</span> <span class='ocrx_word' id='word_1_225' title='bbox 1173 3908 1274 3973; x_wconf 89' lang='lat' dir='ltr'>saepe</span> 
     </span>
     <span class='ocr_line' id='line_1_33' title="bbox 154 3994 1273 4083; baseline -0.004 -20"><span class='ocrx_word' id='word_1_226' title='bbox 154 3999 212 4064; x_wconf 89' lang='lat' dir='ltr'>sihi</span> <span class='ocrx_word' id='word_1_227' title='bbox 235 3994 424 4064; x_wconf 81' lang='lat' dir='ltr'>vindicaret.</span> <span class='ocrx_word' id='word_1_228' title='bbox 469 3998 554 4065; x_wconf 90' lang='lat' dir='ltr'>Nam</span> <span class='ocrx_word' id='word_1_229' title='bbox 582 4018 666 4081; x_wconf 92' lang='lat' dir='ltr'>quae</span> <span class='ocrx_word' id='word_1_230' title='bbox 696 3997 802 4063; x_wconf 92' lang='lat' dir='ltr'>animo</span> <span class='ocrx_word' id='word_1_231' title='bbox 826 3998 1010 4083; x_wconf 90' lang='lat' dir='ltr'>proposuit,</span> <span class='ocrx_word' id='word_1_232' title='bbox 1045 3997 1086 4063; x_wconf 93' lang='lat' dir='ltr'>de</span> <span class='ocrx_word' id='word_1_233' title='bbox 1115 3997 1156 4062; x_wconf 92' lang='lat' dir='ltr'>iis</span> <span class='ocrx_word' id='word_1_234' title='bbox 1185 4014 1273 4060; x_wconf 89' lang='lat' dir='ltr'>more</span> 
     </span>
     <span class='ocr_line' id='line_1_34' title="bbox 154 4103 1274 4190; baseline -0.001 -22"><span class='ocrx_word' id='word_1_235' title='bbox 154 4103 314 4171; x_wconf 88' lang='lat' dir='ltr'>rhetorum</span> <span class='ocrx_word' id='word_1_236' title='bbox 350 4104 475 4170; x_wconf 89' lang='lat' dir='ltr'>ratione</span> <span class='ocrx_word' id='word_1_237' title='bbox 508 4124 547 4169; x_wconf 92' lang='lat' dir='ltr'>ac</span> <span class='ocrx_word' id='word_1_238' title='bbox 584 4106 639 4170; x_wconf 86' lang='lat' dir='ltr'>via</span> <span class='ocrx_word' id='word_1_239' title='bbox 671 4103 839 4190; x_wconf 89' lang='lat' dir='ltr'>disputare</span> <span class='ocrx_word' id='word_1_240' title='bbox 877 4105 974 4190; x_wconf 85' lang='lat' dir='ltr'>solet,</span> <span class='ocrx_word' id='word_1_241' title='bbox 1011 4112 1047 4170; x_wconf 91' lang='lat' dir='ltr'>nt</span> <span class='ocrx_word' id='word_1_242' title='bbox 1084 4103 1274 4189; x_wconf 85' lang='lat' dir='ltr'>plerumque</span> 
     </span>
     <span class='ocr_line' id='line_1_35' title="bbox 155 4210 1273 4297; baseline -0.002 -21"><span class='ocrx_word' id='word_1_243' title='bbox 155 4212 251 4277; x_wconf 90' lang='lat' dir='ltr'>etiam</span> <span class='ocrx_word' id='word_1_244' title='bbox 292 4210 461 4297; x_wconf 88' lang='lat' dir='ltr'>dispositio</span> <span class='ocrx_word' id='word_1_245' title='bbox 505 4210 666 4296; x_wconf 88' lang='lat' dir='ltr'>quaedam</span> <span class='ocrx_word' id='word_1_246' title='bbox 707 4220 889 4278; x_wconf 88' lang='lat' dir='ltr'>saturarum</span> <span class='ocrx_word' id='word_1_247' title='bbox 933 4212 1085 4277; x_wconf 89' lang='lat' dir='ltr'>conclusa</span> <span class='ocrx_word' id='word_1_248' title='bbox 1122 4231 1161 4276; x_wconf 92' lang='lat' dir='ltr'>ac</span> <span class='ocrx_word' id='word_1_249' title='bbox 1202 4230 1273 4295; x_wconf 90' lang='lat' dir='ltr'>per·</span> 
     </span>
     <span class='ocr_line' id='line_1_36' title="bbox 155 4316 1272 4404; baseline -0.001 -23"><span class='ocrx_word' id='word_1_250' title='bbox 155 4316 252 4404; x_wconf 81' lang='lat' dir='ltr'>tecta,</span> <span class='ocrx_word' id='word_1_251' title='bbox 286 4338 371 4402; x_wconf 90' lang='lat' dir='ltr'>quae</span> <span class='ocrx_word' id='word_1_252' title='bbox 406 4317 582 4385; x_wconf 88' lang='lat' dir='ltr'>secundnm</span> <span class='ocrx_word' id='word_1_253' title='bbox 611 4319 690 4385; x_wconf 89' lang='lat' dir='ltr'>artis</span> <span class='ocrx_word' id='word_1_254' title='bbox 718 4319 900 4385; x_wconf 88' lang='lat' dir='ltr'>rhetoricae</span> <span class='ocrx_word' id='word_1_255' title='bbox 922 4325 1100 4404; x_wconf 87' lang='lat' dir='ltr'>praecepta</span> <span class='ocrx_word' id='word_1_256' title='bbox 1122 4317 1272 4384; x_wconf 87' lang='lat' dir='ltr'>instituta</span> 
     </span>
     <span class='ocr_line' id='line_1_37' title="bbox 156 4424 1272 4513; baseline -0.003 -24"><span class='ocrx_word' id='word_1_257' title='bbox 156 4433 213 4509; x_wconf 86' lang='lat' dir='ltr'>est,</span> <span class='ocrx_word' id='word_1_258' title='bbox 251 4424 349 4491; x_wconf 85' lang='lat' dir='ltr'>facile</span> <span class='ocrx_word' id='word_1_259' title='bbox 381 4432 549 4513; x_wconf 88' lang='lat' dir='ltr'>appareat.</span> <span class='ocrx_word' id='word_1_260' title='bbox 608 4426 659 4491; x_wconf 86' lang='lat' dir='ltr'>Ab</span> <span class='ocrx_word' id='word_1_261' title='bbox 692 4425 807 4493; x_wconf 88' lang='lat' dir='ltr'>eodem</span> <span class='ocrx_word' id='word_1_262' title='bbox 840 4425 928 4491; x_wconf 85' lang='lat' dir='ltr'>fonte</span> <span class='ocrx_word' id='word_1_263' title='bbox 960 4424 1111 4512; x_wconf 86' lang='lat' dir='ltr'>profluxit</span> <span class='ocrx_word' id='word_1_264' title='bbox 1141 4425 1272 4490; x_wconf 89' lang='lat' dir='ltr'>ubertas</span> 
     </span>
    </p>
   </div>
   <div class='ocr_carea' id='block_1_8' title="bbox 0 0 1434 5002">
    <p class='ocr_par' dir='ltr' id='par_1_9' title="bbox 0 0 1434 5002">
     <span class='ocr_line' id='line_1_38' title="bbox 0 0 1434 5002; baseline 0 0"><span class='ocrx_word' id='word_1_265' title='bbox 0 0 1434 5002; x_wconf 95' lang='lat' dir='ltr'> </span> 
     </span>
    </p>
   </div>
  </div>
 </body>
</html>
