2828 5002
568 368 646 434 VIII

1087 486 1111 527 p.

183 564 208 618 3.
228 565 273 619 Ad
290 565 380 621 vitam
397 568 529 636 spectant
536 607 1003 622 ..............
1065 567 1170 622 78-79

227 655 254 722 a)
274 656 348 711 servi
367 658 396 711 et
414 656 535 711 ancillae
537 695 1004 720 ..............
1103 656 1139 712 78

227 744 256 811 b)
274 745 381 811 liberti,
415 746 441 813 e)
472 744 574 801 medici
606 748 635 800 et
664 745 862 815 unguentarii,
895 746 923 812 d)
956 745 1010 799 viri

276 834 390 890 aliunde
408 835 507 905 ignoti,
528 833 553 902 e)
573 835 704 891 mulieres
713 875 1003 891 .........
1103 836 1138 889 79

183 922 208 976 4.
227 923 281 978 Res
300 924 427 994 publica:
759 933 762 940 “

228 1011 256 1079 a)
281 1012 379 1083 Reges,
399 1012 428 1080 b)
447 1014 571 1084 reginae,
591 1012 616 1080 c)
636 1013 777 1085 principes
796 1013 827 1067 in
845 1031 875 1068 re
894 1014 1008 1084 publica

282 1101 344 1168 viri,
364 1102 393 1170 d)
413 1103 528 1158 deorum
548 1104 640 1159 cultus
644 1143 1004 1159 ...........
1104 1102 1139 1157 79

530 1314 618 1381 Cap.
640 1312 673 1369 11
677 1352 1003 1373 ..........
1045 1317 1172 1372 80-102

352 1445 398 1499 De
415 1445 576 1498 nominum
595 1445 784 1499 Graecorum
803 1460 870 1498 usu.

84 1549 116 1603 A.
137 1548 349 1614 Quibusnam
363 1551 402 1605 de
416 1550 529 1605 causis
544 1550 719 1604 Iuvenalis
734 1549 1010 1605 uominaGraeca

138 1642 171 1694 et
203 1639 424 1710 appellativa
456 1642 488 1695 et
515 1639 657 1710 propria
688 1639 723 1693 in
750 1640 882 1694 saturis
912 1658 1008 1694 usur·

137 1728 282 1797 paverit.
320 1769 1000 1784 ....................
1061 1731 1169 1784 80-99

137 1834 195 1888 ΑΑ.
211 1836 299 1891 Voces
320 1835 443 1892 Graecae
462 1855 589 1893 sermone
607 1836 708 1892 Latino
727 1836 812 1891 tritae
820 1877 1003 1891 ......
1065 1837 1170 1891 71-83

209 1925 331 1980 Nomina
350 1926 524 1996 appellativa
544 1925 664 1992 Graeca,
689 1944 807 1994 quorum
826 1926 887 1980 loeo
907 1926 1009 1981 Latina

263 2033 374 2083 quoqne
393 2015 576 2071 inveniuntur
605 2056 1003 2071 ............

210 2101 237 2170 a)
262 2105 339 2174 apud
357 2106 518 2160 iuvenalem
537 2105 643 2175 ipsum:
678 2143 1002 2159 ..........

264 2192 292 2260 α)
312 2194 414 2262 quibus
428 2197 514 2265 poeta
528 2195 646 2249 eandem
656 2194 722 2260 fere,
736 2212 769 2248 ae
783 2193 886 2248 Latina
895 2193 1008 2259 habent,

317 2283 459 2338 notionem
477 2283 550 2337 indit
552 2323 1003 2348 ..............
1100 2282 1134 2336 81

262 2370 289 2440 β)
313 2390 432 2440 quorum
456 2372 624 2442 significatio
650 2375 692 2427 est
715 2373 799 2442 longe
825 2371 882 2426 alia
905 2390 938 2426 ac
956 2370 1008 2425 La·

315 2461 439 2518 tinorum
458 2462 534 2533 apud
553 2480 616 2518 eum
619 2501 1003 2516 ............
1100 2460 1135 2513 82

208 2550 237 2618 b)
262 2551 337 2621 apud
356 2551 426 2607 alios
445 2551 595 2622 scriptores
614 2551 730 2606 Latinos
748 2591 1003 2605 ........
1100 2550 1135 2604 82

140 2657 194 2709 BB.
215 2656 320 2720 Quibus
339 2658 407 2712 Iocis
427 2659 541 2713 nomina
561 2658 668 2714 Graeca
691 2658 720 2711 in
740 2657 880 2712 luvenalis
905 2656 1007 2711 saturis

210 2744 336 2800 consulto
356 2746 506 2801 videantur
525 2749 661 2816 usurpata
680 2764 740 2801 esse
788 2786 1003 2800 .......
1063 2745 1170 2800 84-99

217 2834 238 2886 Ι.
257 2833 346 2888 Voces
367 2834 489 2889 Graecae
504 2835 534 2888 in
548 2837 648 2905 poetae
664 2835 767 2889 saturis
781 2835 924 2905 leguntur,
945 2853 1007 2889 cum

262 2922 296 2977 de
316 2923 429 2978 Graecis
449 2927 498 2978 aut
517 2924 551 2978 de
570 2925 652 2978 rebus
673 2924 785 2979 Graecis
806 2924 901 2994 agitur
925 2967 929 2979 .
960 2966 966 2978 .
996 2964 1002 2977 .
1099 2925 1134 2978 84

263 3012 286 3065 1.
307 3012 384 3076 Quae
403 3013 439 3066 ad
458 3016 581 3068 mentem
599 3013 746 3068 referenda
765 3017 830 3067 sunt
856 3053 1002 3067 .....
1063 3014 1170 3068 85-90

306 3098 334 3166 a)
353 3101 397 3154 Ad
416 3101 536 3156 artificia
555 3120 572 3156 a
591 3101 735 3157 Graeculis
756 3102 922 3158 exercitata:
996 3142 1001 3156 .
1061 3103 1168 3156 85—87

352 3190 380 3255 α)
399 3192 489 3245 artem
507 3190 643 3245 musicam
646 3231 1002 3255 ...........
1099 3192 1135 3245 85

351 3277 378 3346 β)
398 3282 472 3334 artes
492 3283 521 3335 et
540 3279 697 3337 scaenieam
718 3283 747 3335 et
765 3280 1002 3350 gymnasiam„
1099 3281 1134 3333 86

351 3367 378 3437 γ)
398 3369 565 3425 aedificandi
584 3371 681 3434 artem,
701 3365 725 3435 δ)
745 3369 869 3438 fingendi
888 3372 977 3424 artem
998 3410 1003 3421 .
1063 3369 1106 3423 86,
1136 3371 1169 3424 Sl

307 3456 337 3524 bl
357 3458 401 3512 Ad
411 3459 583 3528 exagitanda
592 3458 752 3514 litterarum
763 3458 884 3512 studiaa
896 3457 1007 3512 Graecis

351 3547 468 3602 Romam
486 3547 580 3602 illata:
589 3588 1002 3602 ............
1063 3548 1171 3602 87-90

350 3633 379 3703 α)
399 3636 494 3691 studia
512 3636 660 3702 rhetorica,
680 3635 706 3703 β)
726 3636 825 3706 poesin
827 3676 1002 3700 ......
1062 3636 1106 3690 87.
1136 3639 1171 3692 88

348 3725 377 3794 γ)
395 3725 611 3797 philosophiam,
632 3723 655 3792 δ)
675 3725 894 3796 geographiam.
925 3767 930 3779 .
961 3766 966 3777 .
996 3767 1001 3778 .
1099 3727 1135 3780 90

262 3814 286 3866 2.
306 3812 451 3869 Venabula
484 3814 603 3881 Graeca,
641 3832 713 3883 quae
752 3815 788 3868 ad
819 3813 1008 3869 Romanorum

305 3903 413 3958 victum
431 3904 593 3972 cultumque
612 3903 756 3974 pertinent
782 3944 1002 3958 .......
1062 3905 1171 3959 90-93

306 3991 333 4059 a)
353 3993 388 4048 ad
408 4010 507 4064 corpus
526 3994 631 4064 ipsum:

351 4082 379 4150 α)
398 4083 508 4139 adeius
523 4083 704 4146 curationem,
724 4080 749 4148 β)
769 4084 805 4138 ad
825 4083 930 4146 cibos;.
961 4124 966 4134 .
996 4124 1002 4137 .
1062 4083 1105 4136 90.
1136 4086 1170 4138 91

304 4172 333 4238 b)
353 4172 389 4227 ad
406 4190 517 4228 morum
535 4171 778 4241 depravationem,
804 4171 829 4238 c)
848 4171 884 4226 ad
903 4188 1005 4233 servos,
1062 4172 1105 4224 91.
1136 4175 1171 4226 92

303 4262 333 4329 d)
303 4262 387 4316 dad
406 4261 575 4317 vestimenta
593 4263 622 4316 et
640 4264 813 4324 ornamenta,

307 4350 388 4418 elad
415 4367 492 4416 vasa,
520 4352 616 4419 recept
604 4350 712 4413 t,acula
745 4349 883 4419 reliquam
915 4349 1007 4418 supel-

350 4439 482 4506 lectilem,
501 4439 528 4507 i)
548 4439 584 4497 ed
603 4437 801 4496 commercium
818 4477 1002 4495 ......
1099 4440 1135 4494 93
