2828 5002
642 395 702 458 101

129 606 160 682 i.
184 610 400 684 Nonnulla
419 611 471 685 de
490 611 832 686 terminationem
853 607 1114 686 Graecarum
1133 635 1226 689 usu.

175 765 292 833 Omnia
316 768 478 834 Iuvenalis
507 769 638 835 nomina
667 769 795 836 Graeca
824 778 856 836 et
878 769 1078 856 appellative
1102 780 1134 838 et
1157 794 1226 859 pro·

129 875 181 959 pria
213 876 350 942 Graecis
384 876 519 961 syllabis
552 876 673 944 ultimis
705 878 861 944 instructa
896 877 1076 945 litterarum
1114 878 1226 945 ordine

129 985 377 1051 enumerabuntur
399 1004 429 1069 p.
454 988 519 1051 243
544 1006 628 1069 sqq:
654 984 731 1069 Cap.
755 987 812 1071 III,
836 984 872 1072 G,
896 987 967 1077 I,a
990 995 1022 1055 et
1045 989 1074 1057 b.

178 1113 281 1194 Atque
305 1108 539 1177 discernendae
563 1116 636 1177 sunt
659 1111 901 1180 terminationes
925 1113 1071 1182 Graecae

455 1272 475 1340 Ι.
499 1287 639 1340 sermone
664 1273 768 1340 latino
791 1274 881 1342 trites

654 1404 686 1465 et

497 1525 529 1594 ΙΙ.
553 1525 647 1593 sertis
670 1526 707 1593 de
730 1526 833 1593 oensis

129 1641 291 1700 oratores
314 1641 474 1718 reoeptee.

174 1759 195 1826 l.
220 1757 272 1823 Ad
294 1759 383 1844 prius
407 1778 508 1842 genus
531 1759 693 1844 pertinent

221 1885 255 1966 a)
275 1891 308 1950 et
323 1905 381 1951 eae
396 1905 515 1969 omnes,
531 1898 682 1964 praeter
697 1905 793 1964 quas
809 1904 902 1950 vere
917 1894 1070 1951 Latinae
1087 1893 1226 1951 desunt

129 1999 246 2058 —sunt
270 1992 354 2058 enim
377 2012 454 2077 -an,
478 2014 558 2077 -yx3
583 2013 658 2078 ·ys;
682 2012 735 2078 -e,
760 2012 831 2077 -es,
855 2013 945 2076 -maq
969 2012 1030 2061 -oe
1054 2030 1097 2040 —-

220 2119 253 2199 b)
288 2124 320 2183 ot
348 2123 395 2183 76
424 2137 546 2202 earum,
579 2138 649 2198 pro
685 2124 823 2197 qulbus
856 2125 1010 2183 Latinae
1044 2126 1225 2185 substitui

129 2239 278 2294 rossunt.

173 2349 243 2429 Quo
268 2370 400 2436 genere,
430 2370 500 2416 eum
530 2350 560 2417 ei
588 2349 621 2415 in
649 2349 767 2416 litteris
789 2348 916 2415 Latinis
944 2349 1157 2436 iampridem
1182 2351 1224 2416 ei-

129 2457 190 2525 itss
213 2459 292 2525 data
316 2459 367 2543 sit,
390 2458 468 2543 qnid
492 2458 614 2542 mirum,
638 2457 665 2522 si
689 2456 852 2524 Iuvenalis
876 2476 1004 2541 quoque
1027 2457 1147 2525 utitur?

173 2585 213 2650 ll.
238 2584 289 2650 Ad
316 2584 478 2671 posterius
507 2590 615 2649 autem
643 2603 744 2667 genus
774 2581 966 2650 referendae
994 2590 1080 2668 sunt,
1108 2583 1224 2668 idest,

129 2694 243 2759 :ursello
273 2694 453 2776 usurpentur
477 2691 521 2758 52
545 2692 692 2758 flexiones
716 2690 863 2776 Graecae,
893 2711 1026 2777 querum
1055 2691 1125 2757 loeo
1150 2711 1225 2757 vere

129 2797 241 2866 latinae
265 2806 403 2868 exstant.
450 2799 532 2865 Sunt
555 2799 639 2864 enim
662 2799 772 2882 magni
796 2799 947 2866 momenti
970 2819 1033 2864 non
1056 2798 1151 2866 modo

394 2963 429 3043 a)
458 2967 508 3026 ed
531 2979 714 3026 versuum
738 2967 933 3040 rationem,

633 3084 692 3151 sed

253 3213 291 3292 b)
317 3218 366 3277 ad
391 3225 513 3276 totum
538 3217 651 3276 huius
675 3200 815 3288 poetae
840 3229 1070 3275 sermonem.

174 3374 205 3451 a)
229 3374 276 3438 Ae
298 3371 436 3457 primum
460 3363 590 3455 quidem
608 3370 782 3456 Iuvenalis,
805 3377 840 3437 ut
862 3371 918 3437 alii
937 3378 1055 3456 poetae
1079 3371 1148 3438 sive
1171 3391 1221 3436 su-

129 3477 248 3555 reriores
272 3478 342 3546 sive
365 3480 529 3564 aequales,
553 3479 677 3563 aliquot
700 3478 942 3546 terminationes
966 3478 1111 3545 Graecas

539 3586 648 3652 metri
673 3605 793 3653 eausa

129 3690 273 3760 'etinuisse
305 3692 469 3779 putandus
498 3702 559 3778 est,
593 3693 714 3780 quippe
742 3714 813 3760 eum
841 3693 1067 3762 interamnae
1100 3701 1224 3761 constet

129 3809 215 3865 earum
238 3801 454 3887 compluribus
478 3821 590 3867 versus
619 3808 652 3868 et
678 3800 747 3867 fieri
776 3800 939 3868 faciliores
971 3821 1011 3867 ae
1035 3801 1222 3887 liquidiores

129 3908 149 3965 et
167 3915 292 3974 externo
316 3907 454 3992 quodam
480 3907 586 3975 colore
610 3908 825 3992 elegantiores
849 3907 942 3976 efflei.

176 4012 207 4097 b)
233 4015 359 4082 Deinde
387 4022 486 4101 poeta
513 4015 674 4083 nonnullis
702 4015 799 4100 loeis,
828 4016 943 4099 quibus
972 4015 1118 4082 Graecae
1146 4016 1222 4084 illae

129 4109 227 4187 lernae
271 4143 420 4189 versuum
466 4123 662 4190 necessitate
703 4143 767 4188 non
803 4123 1018 4208 postulantur,
1065 4122 1222 4190 videtur

129 4213 160 4282 ie
187 4226 378 4295 industria
410 4230 676 4298 Graecissare.
732 4229 903 4297 Nominum
935 4230 1019 4298 enim
1047 4231 1220 4316 appella-

129 4322 265 4400 iiverum
294 4337 526 4403 Graecorum
556 4337 761 4404 aecusativus
790 4339 886 4423 sing„
919 4337 973 4421 qui
1001 4336 1136 4422 syllabis
1166 4340 1221 4404 -in

129 4434 150 4492 ii
177 4458 233 4505 -on
265 4444 487 4530 terminantur,
520 4445 680 4510 nominum
713 4445 956 4530 propriorum
989 4444 1221 4513 eraeeorum
