2828 5002
600 353 810 452 A-

147 547 302 618 invidiam
325 545 491 633 perfaceto
515 566 600 613 nova
624 552 715 612 erunt
739 545 853 630 omnia,
877 565 948 611 cum
966 545 1160 612 invitabitur
1178 565 1251 630 pere·

149 655 259 740 grinus
283 654 326 720 ad
350 652 557 733 domicilium,
591 653 736 738 trepidu‘s
761 652 803 718 ad
827 653 1029 736 colloquium,
1060 654 1200 718 rusticus
1219 651 1250 715 ad

148 762 315 840 laetitiam,
348 778 473 847 pauper
504 760 547 827 ad
576 781 729 845 mensam,
764 768 797 827 et
828 781 900 827 cum
931 759 1019 846 apud
1048 759 1166 825 crudos
1194 778 1249 824 cae·

148 890 325 956 parumque
361 869 502 954 crapulis
540 869 722 935 esculentos
759 867 811 933 hio
843 874 923 951 agat
962 866 1091 950 vulgus,
1130 866 1194 932 illic
1221 885 1248 930 en

150 977 302 1043 comitate
325 975 564 1059 retractabitur,
593 995 633 1041 ac
661 975 688 1040 si
712 975 794 1040 inter
817 974 948 1060 Apicios
972 974 1128 1060 epulones
1152 981 1183 1039 et
1201 973 1247 1056 hy·

150 1084 297 1150 reatinos
319 1083 634 1149 chironomuntas
658 1080 823 1165 hucusque
845 1081 1050 1147 ructaverit.‹

217 1191 326 1256 Dubia
350 1195 401 1256 est
423 1191 537 1256 Iuscr.
562 1188 650 1275 apud
672 1189 801 1257 Reincs.
825 1188 864 1255 cl.
889 1188 944 1268 IX,
969 1190 1026 1256 96:
1065 1186 1244 1253 »Ohirono

149 1304 277 1364 monta
309 1317 465 1383 parens«,
499 1316 561 1380 quo
594 1296 666 1362 loco
698 1315 812 1362 nomen
845 1295 1008 1382 proprium
1041 1293 1169 1360 videtur
1196 1300 1244 1360 sta·

149 1403 302 1472 tuendum
327 1423 408 1471 esse.

84 1571 88 1579 .
218 1511 324 1590 Quam
355 1531 474 1598 prave
508 1512 617 1580 loven.
645 1511 685 1587 V,
710 1514 771 1578 121
806 1516 922 1597 postea
954 1509 1183 1576 intellectus
1208 1508 1245 1581 sit

152 1620 263 1704 colligi
294 1625 401 1706 potest
434 1639 473 1685 ex
507 1618 631 1685 Gloss.
665 1619 707 1684 ad
740 1616 885 1685 Versific.
932 1617 1058 1683 lexicon
1095 1613 1247 1700 Anonymi:

155 1726 487 1803 »Chironomcnta
534 1726 703 1806 inculator,
751 1727 804 1810 qui
846 1724 929 1792 ludit
969 1745 1066 1791 mann
1103 1745 1163 1791 sua
1196 1739 1250 1789 cun

154 1834 294 1903 cultellis
321 1834 525 1901 volantibus‹
551 1840 583 1900 et
607 1854 647 1899 ex
669 1832 740 1899 loco
763 1833 921 1900 Ioannis
945 1829 1253 1900 Sar-isberieusis.

152 1941 334 2010 duodecimi
366 1942 490 2009 saeculi
521 1940 700 2026 scriptoris,
737 1940 770 2005 in
802 1940 963 2025 Polycrat.
989 1941 1017 2025 l,
1045 1960 1072 2008 c.
1097 1941 1130 2026 4,
1159 1960 1187 2025 p.
1215 1939 1255 2006 11,

151 2049 236 2115 infra
274 2047 363 2138 [edit.
401 2047 505 2133 Lugd.
542 2048 657 2117 Batav.
696 2043 806 2134 1639]:
846 2046 917 2113 »Ad
955 2047 1037 2113 haec
1074 2045 1260 2112 carnificium

151 2177 259 2224 eorum
296 2164 396 2224 artem
425 2155 531 2240 exigit
554 2163 587 2222 et
615 2161 717 2221 artem
745 2154 836 2235 facit,
871 2174 963 2221 suum
998 2153 1097 2220 habet
1125 2152 1262 2240 opificem

152 2263 451 2331 Chironomanta
483 2262 632 2329 volanti
664 2262 840 2344 cultello,
874 2281 957 2329 nunc
983 2261 1127 2347 pugione
1150 2261 1265 2337 stricto,

150 2393 236 2439 nunc
266 2371 419 2438 hebetata
450 2371 624 2438 machaera
655 2370 826 2456 mirabilis,
859 2370 887 2438 si
919 2377 951 2436 te
983 2389 1062 2438 casu
1095 2365 1267 2437 sollemniis

156 2499 264 2546 eorum
289 2479 461 2563 contigerit
484 2478 703 2562 interesse.‹¹)

221 2588 254 2668 b)
277 2570 451 2653 Dilfioilior
475 2594 525 2653 est
548 2587 631 2652 alter
654 2586 763 2654 loven.
788 2605 901 2653 versus
926 2584 979 2665 VI,
999 2588 1052 2665 63,
1078 2597 1267 2670 quamquam

154 2694 195 2760 de
219 2694 318 2761 totius
342 2694 405 2760 loci
429 2693 589 2760 sententia
613 2693 735 2777 ambigi
758 2713 820 2758 non
844 2699 966 2780 potest3
990 2693 1098 2776 agitur
1122 2693 1206 2759 enim
1229 2688 1267 2754 de

152 2803 309 2869 mimo-in
334 2822 453 2869 scaena
477 2801 599 2866 Ledam
622 2800 709 2866 Iovis
737 2801 904 2886 complexu
933 2799 1087 2866 domitam
1115 2801 1267 2865 imitante

153 2910 247 2976 Hanc
270 2931 337 2975 rem
361 2908 474 2975 histrio
499 2907 606 2992 saltat,
633 2908 652 2975 i.
678 2927 705 2975 e.
731 2908 857 2974 mimice
881 2908 964 2992 agit;
990 2907 1048 2974 sed
1073 2907 1152 2993 quid
1176 2901 1267 2990 signi·

152 3015 267 3083 ficatur
290 3017 397 3084 verbis
421 3015 665 3082 chironomon
688 3015 832 3082 Ledam?

220 3125 357 3191 Meurs.
381 3122 533 3191 orchestr.
560 3122 596 3202 V,
620 3142 652 3208 p.
677 3125 741 3191 269
766 3124 869 3208 (opp.)
898 3123 1012 3188 scribit
1039 3122 1257 3188 chironomo

155 3232 183 3298 si
207 3231 289 3297 haec
311 3230 407 3296 lectio
432 3237 518 3297 esset
541 3236 639 3314 recta,
672 3229 701 3295 h.
724 3230 745 3297 l.
770 3230 1006 3314 intellegendus
1035 3237 1124 3297 esset
1147 3231 1264 3298 mimus

155 3338 207 3404 cui
229 3358 288 3424 per
316 3344 530 3422 contemptum
553 3337 615 3402 hcc
639 3356 816 3420 cognomen
838 3337 1015 3421 inderetur,
1046 3336 1080 3401 id
1110 3336 1196 3420 quod
1220 3336 1267 3400 via

153 3452 203 3512 est
226 3442 388 3512 credibile.
435 3443 619 3509 Heinrich
643 3442 686 3507 ad
710 3442 739 3508 h.
760 3444 781 3512 l.
806 3443 847 3528 II,
872 3465 904 3530 p.
920 3446 983 3510 227
1009 3442 1160 3510 adnotat:
1188 3443 1268 3507 »Der

153 3551 289 3618 Dichter
337 3551 463 3617 scheint
501 3549 743 3617 chironomon
788 3550 970 3637 passivisch
1017 3550 1194 3634 gebraucht
1232 3565 1267 3614 rt

154 3659 270 3746 haben,
308 3666 526 3747 χειρόνομος
564 3658 614 3723 llir
645 3665 949 3747 χειρονομουμένη
981 3658 1002 3726 i.
1037 3678 1064 3725 e.
1097 3680 1119 3724 a
1151 3658 1255 3722 chiro

153 3767 279 3833 nomis
302 3767 435 3832 multum
459 3767 597 3851 agitata,
630 3786 699 3833 was
723 3766 806 3832 auch
830 3766 884 3832 die
906 3766 1061 3849 Meinung
1084 3786 1146 3832 von
1169 3759 1267 3833 Niool

229 3960 249 4030 ¹)
272 3963 332 4018 Hoc
355 3963 416 4020 loco
444 3981 618 4035 percurram,
649 3979 717 4031 quos
745 3980 863 4018 versus
888 3961 1137 4019 Iuvenalianos
1165 3959 1257 4029 scrip

153 4054 249 4108 tores
278 4051 397 4107 Latini
427 4055 544 4108 aetate
571 4051 784 4123 posteriores
812 4051 944 4107 imitati
975 4052 1045 4118 sint,
1074 4070 1137 4107 cum
1163 4050 1192 4104 in
1217 4049 1267 4101 ha*

155 4159 185 4197 re
204 4140 330 4197 iisdem
348 4142 528 4197 vocabulis
549 4140 689 4197 Graecis
708 4144 866 4197 uterentur:

225 4249 341 4305 quen.
360 4250 407 4303 VI.
428 4249 480 4304 172
499 4249 630 4316 [Paean]
651 4277 685 4285 —
703 4249 824 4304 Auson.
844 4249 932 4320 epigr.
953 4249 1013 4304 103.

269 4368 306 4378 —-
360 4339 393 4405 X,
414 4339 450 4393 20
469 4338 608 4404 [contus]
628 4367 663 4376 —
680 4338 796 4394 Boeth.
816 4338 850 4393 de
869 4339 971 4394 consol.
991 4339 1025 4405 II,
1045 4339 1070 4396 5.

268 4456 304 4468 -
358 4428 391 4494 X,
411 4428 446 4482 55
466 4426 642 4495 [incerare]
663 4456 698 4466 -
717 4428 874 4482 Prudent.
894 4429 989 4499 apoth.
1009 4428 1070 4484 457.
