2828 5002
716 298 911 393 „Q

248 492 317 573 detq
342 492 441 557 utitur
465 491 549 557 enim
573 490 687 556 iisdem
712 491 889 569 vocabulis,
914 511 934 556 a
958 490 1076 574 quibus
1100 491 1215 557 Furius
1235 509 1315 557 cerna
1352 497 1412 565 tm

245 618 336 663 suum
365 618 499 664 exorsus
532 604 602 663 erat
633 598 812 663 »Hibernas
842 600 924 663 cana
958 596 1031 662 nive
1060 605 1218 685 conspuet
1241 598 1314 683 Alpa·
1352 607 1412 672 thu¹

245 725 310 789 per
330 704 541 790 parodiam.
1344 715 1412 779 lser

245 920 275 999 β)
298 915 429 984 Voces
449 914 637 995 Graecae,
661 931 763 1000 quae
788 914 832 981 in
854 913 1001 982 litteris
1020 913 1190 983 Graecis
1212 913 1317 983 duent
1349 820 1412 884 {dn

431 1112 624 1178 *bnabalbra
649 1111 718 1196 (cfr.
743 1133 775 1197 p.
802 1116 843 1178 19
867 1111 957 1192 adn.)
981 1111 1180 1198 [duddabpal
1348 1035 1412 1204 ξιξ

315 1255 385 1338 Vll,
410 1257 468 1321 46:
495 1254 616 1320 »Nemo
641 1252 733 1318 dabit
756 1273 876 1336 regum,
902 1253 1015 1336 quanti
1038 1254 1197 1320 subsellia
1218 1254 1321 1321 contar
1358 1258 1409 1311 tra

492 1362 532 1425 Et
555 1381 640 1445 quae
668 1359 825 1426 conducto
854 1361 997 1445 pendent
1019 1360 1240 1426 anabathra
1258 1352 1321 1441 tigit
1349 1389 1355 1400 ’κ
1389 1352 1411 1414 h

492 1465 648 1550 Quaeque
678 1465 883 1551 reportandis
910 1467 1019 1551 posita
1046 1474 1098 1533 est
1125 1468 1279 1534 orchestra
1295 1480 1323 1526 ot·
1362 1463 1412 1526 Re<

1101 1573 1252 1641 themis«
1358 1567 1402 1632 llll

315 1697 439 1763 Schol.
464 1697 507 1762 ad
532 1697 563 1764 h.
588 1698 624 1762 l.:
662 1699 709 1761 »A
733 1697 859 1763 Graeco
888 1703 1040 1781 tractum,
1067 1697 1103 1763 id
1127 1705 1179 1764 est
1206 1692 1329 1769 subsellt.
1358 1677 1408 1738 ¹³¹

248 1825 344 1889 super
377 1824 461 1887 quae
493 1804 591 1869 altius
625 1803 790 1882 sedeatur,
824 1802 970 1886 gradus
1003 1805 1229 1889 superiores
1258 1818 1331 1870 soan-
1357 1786 1374 1840 q
1409 1799 1412 1829 ¹

249 1911 374 1978 siles«
1363 1905 1412 1952 une

315 2034 514 2100 Vocabulum
538 2034 756 2099 anabathra
786 2033 873 2119 apud
901 2034 1023 2099 nullum
1052 2035 1152 2101 alium
1184 2036 1338 2122 scripturn
1367 2008 1412 2145 len]

248 2162 352 2226 neque
376 2142 535 2208 Graecum
560 2161 664 2226 neque
687 2141 838 2206 Latinum
861 2141 1032 2207 invenitur.
1150 2211 1153 2215 ,
1374 2119 1404 2164 ll

316 2266 411 2332 suus
443 2265 570 2334 neom.
604 2266 716 2335 rues.
745 2288 777 2351 p.
801 2269 872 2334 lea
901 2266 1030 2332 exhibet
1058 2266 1221 2349 grossam:
1256 2268 1344 2332 »nne
1383 2225 1412 2374 l}

248 2375 423 2440 bathrum
446 2376 601 2440 cortina«
1391 2368 1403 2380 ·“

317 2499 528 2564 Statuendum
562 2504 611 2564 est
644 2498 756 2582 igitur,
794 2497 872 2581 quid
906 2497 948 2563 sit
979 2498 1141 2564 cortina.
1203 2500 1253 2564 Ex
1282 2497 1352 2578 lecit,
1409 2564 1412 2589 ἶ

250 2605 365 2688 quibus
394 2605 474 2669 haec
502 2625 566 2671 vox
593 2605 627 2670 in
655 2604 771 2669 litteris
798 2604 924 2670 Latinis
952 2604 1128 2684 invenitur,
1162 2605 1227 2672 huo
1249 2604 1355 2672 videtur
1407 2669 1412 2695 ἰ

249 2711 410 2798 pertinere
434 2711 522 2777 Tac.
548 2709 624 2776 dial.
649 2708 690 2774 de
714 2716 793 2776 orat.
820 2714 870 2789 19,
894 2733 925 2795 p.
950 2711 1050 2777 med:
1078 2710 1273 2778 ›Oratorum
1295 2731 1357 2799 pau·

251 2817 372 2884 eissimi
396 2825 572 2903 praecepta
601 2816 762 2881 rhetorum
796 2825 852 2883 aut
879 2816 1143 2903 philosophorum
1171 2819 1298 2904 placita
1321 2836 1360 2883 cc
1408 2810 1412 2823 ²

251 2932 438 3007 gnoverant.
486 2925 529 2988 At
556 2923 686 2989 hercule
713 2925 913 3007 pervolgatis
941 2926 1006 2990 iam
1030 2924 1194 3010 omnibus,
1228 2947 1300 2993 oum
1320 2924 1363 2991 vix

250 3031 282 3095 in
312 3030 464 3095 eortina
493 3030 664 3112 quisquam
694 3030 850 3114 adsistat,
884 3031 961 3114 quin
989 3032 1157 3098 elementis
1187 3034 1363 3109 studiorum,

251 3137 313 3202 etsi
335 3156 398 3200 non
418 3137 604 3215 instructus,
630 3144 664 3202 at
688 3146 774 3202 corte
799 3138 939 3203 imbutus
964 3139 1016 3220 sit,
1039 3137 1132 3204 novis
1153 3147 1187 3204 et
1207 3139 1365 3224 exquisitis

252 3242 455 3326 eloquentiae
479 3243 645 3308 itineribus
676 3264 757 3329 opus
782 3251 846 3324 est,
874 3264 933 3328 per
960 3264 1044 3329 quae
1072 3253 1183 3311 orator
1212 3247 1367 3313 fastidium

251 3350 375 3414 aurium
409 3349 574 3432 effugiat<
638 3351 687 3415 De
726 3351 816 3415 vocis
855 3352 979 3416 eortina
1012 3351 1042 3420 h.
1076 3351 1096 3419 l.
1133 3352 1267 3419 notione
1303 3352 1367 3419 ride

252 3455 353 3538 Lips.
387 3454 429 3519 ad
462 3455 493 3520 h.
527 3456 564 3523 l.:
600 3456 753 3521 »cortina
781 3477 844 3522 non
877 3457 966 3522 aliud
1000 3459 1137 3542 ceperim
1172 3479 1272 3542 quam
1306 3461 1368 3526 sub·

253 3560 416 3626 selliorum
439 3563 530 3626 iuxta
553 3562 695 3626 tribunal
714 3563 828 3644 locum,
855 3564 887 3626 in
911 3584 974 3647 quo
998 3585 1060 3628 non
1084 3563 1238 3630 advocati
1263 3569 1369 3649 solum,

252 3667 311 3732 sed
335 3669 471 3752 scribae,
496 3688 673 3753 praecones
698 3677 796 3753 atque
819 3669 853 3734 id
873 3690 976 3752 genus
996 3690 1115 3755 operae
1134 3671 1284 3739 forenses
1305 3693 1369 3738 eon·
1410 3720 1412 3727 .

252 3775 438 3842 sistebant«
494 3775 602 3840 Halm
632 3783 740 3842 autem
772 3775 815 3842 ad
850 3777 986 3841 eundem
1018 3778 1123 3843 locum
1155 3778 1188 3842 in
1218 3779 1271 3845 ed.
1302 3782 1370 3845 Tac.

252 3902 273 3945 a
302 3880 657 3948 Schweizero·Sidlero
691 3893 804 3949 curata
832 3883 924 3949 dicit:
964 3883 1115 3950 ›Cortiua
1144 3883 1276 3951 ridetur
1309 3886 1373 3974 ἁψίς

253 3987 472 4063 basilicarum,
511 3989 543 4055 in
580 3990 695 4072 quibus
732 3989 853 4056 iudicia
886 3990 1130 4056 centumviralia
1166 3991 1374 4075 habebantur,

254 4093 464 4176 significari«
513 4095 604 4161 Haec
638 4096 812 4180 explicatio
845 4118 909 4162 una
941 4098 1111 4182 probanda
1143 4097 1223 4161 mihi
1251 4101 1375 4166 videtur

254 4219 337 4285 esse,
362 4200 448 4283 quod
471 4203 515 4265 ad
539 4203 707 4267 verborum
731 4210 915 4269 contextum
939 4203 1058 4288 optime
1082 4203 1234 4285 quadrat.

321 4324 484 4390 Iuvenalis
514 4325 577 4391 loci
606 4325 797 4391 sententiam
826 4347 919 4395 nemo
948 4326 1054 4392 adhuc
1081 4335 1169 4393 reete
1199 4330 1377 4417 perspexit.
