2828 5002
713 1216 840 1366 Cap.
878 1217 937 1343 H.

494 1453 549 1544 lie
583 1453 775 1545 nominum
810 1453 1050 1546 Graecorum
1086 1478 1170 1546 usu.

776 1686 882 1696 —--a-

296 1831 347 1906 A.
387 1830 651 1928 Quibusnam
685 1831 737 1905 de
772 1832 912 1906 causis
944 1831 1157 1906 Iuvenalis
1190 1827 1341 1905 nomina

298 1973 464 2050 Graeca
497 1985 538 2051 et
572 1976 828 2071 appellativa
861 1986 902 2052 et
934 1976 1101 2072 propria
1133 1975 1177 2050 in
1209 1970 1341 2050 saturis

693 2120 970 2215 usurpaverit.

337 2330 470 2397 Multum
494 2330 629 2398 interest
656 2332 740 2399 scire
769 2339 910 2399 extremo
938 2331 1041 2417 primo
1070 2337 1102 2398 et
1129 2331 1262 2398 ineunte
1283 2328 1361 2395 altoro

271 2445 346 2524 post
369 2438 529 2515 Christum
556 2446 667 2505 natum
696 2440 828 2507 saeculo
857 2440 999 2524 linguam
1028 2444 1061 2504 et
1088 2438 1215 2506 litteras
1244 2438 1363 2504 Graecos

272 2548 336 2611 iam
374 2546 457 2613 adeo
495 2547 528 2612 in
565 2547 676 2613 urbem
713 2549 847 2613 Romam
885 2547 978 2631 quasi
1016 2567 1052 2613 se
1089 2543 1365 2629 insinuavimus

272 2652 399 2720 illorum
418 2659 597 2741 temporum
617 2654 801 2740 scriptores,
825 2653 913 2720 velut
936 2653 1088 2722 Statius
1112 2660 1143 2720 ot
1167 2651 1366 2727 Suetonius,
1401 2710 1404 2759 l

273 2782 294 2826 a
327 2760 534 2847 simplicitate
567 2781 607 2826 ac
640 2760 815 2847 gravitate,
852 2781 916 2845 qna
948 2760 1075 2847 plurimi
1108 2761 1305 2848 superiorum
1330 2752 1366 2820 usi
1402 2776 1404 2795 ¹

274 2875 375 2954 erant,
399 2867 557 2935 decedere
579 2888 643 2934 non
663 2867 847 2934 dubitarent
871 2875 902 2934 et
924 2889 1022 2935 voces
1040 2870 1219 2955 permultas
1244 2868 1367 2949 elingua
1402 2880 1404 2885 '

274 2977 402 3043 Graeca
425 2975 633 3061 depromptas
657 2976 690 3041 in
712 2975 812 3044 libros
835 2976 1023 3063 reciperent.

340 3101 426 3181 Quid
454 3102 570 3186 igitur?
607 3102 708 3173 Estne
735 3101 911 3188 putandum
940 3104 982 3170 ab
1010 3103 1164 3171 Iuvenale
1190 3098 1368 3170 bonoillius

274 3210 392 3277 aetatis
424 3228 545 3275 morem
579 3209 768 3296 simpliciter
801 3211 1006 3277 observatum
1040 3230 1127 3296 esse,
1164 3210 1212 3276 ita
1248 3216 1283 3276 nt
1317 3207 1369 3273 eius

275 3324 468 3385 saturarum.
495 3316 602 3384 colore
639 3319 778 3404 Graeco,
815 3317 870 3401 qui
893 3317 1022 3405 dicitur,
1059 3337 1226 3385 commune
1262 3307 1369 3382 dicendi

275 3445 378 3509 gonns
401 3424 564 3491 bominum
591 3425 775 3509 aequalium
803 3423 1006 3511 redderetur,
1033 3446 1076 3492 an
1105 3425 1268 3512 proprium
1291 3415 1368 3508 quod·

276 3531 351 3599 dam
376 3532 545 3599 consilinm
574 3533 606 3598 in
630 3532 825 3619 usurpandis
848 3533 1028 3600 nominibus
1052 3533 1187 3601 Graecis
1211 3537 1369 3621 spectatum

275 3644 369 3707 esse?

343 3763 419 3850 Sed,
444 3764 513 3832 sive
536 3765 598 3832 hoc
621 3765 692 3832 sive
715 3765 795 3832 illnd
819 3765 937 3832 factum
961 3773 1026 3851 cst,
1049 3767 1173 3850 ntique,
1196 3786 1271 3832 num
1293 3763 1371 3851 postu

275 3879 382 3939 certas
419 3872 578 3956 quasdam
615 3872 706 3957 leges
741 3874 773 3939 iu
806 3873 868 3939 hac
904 3893 939 3938 re
972 3874 1192 3940 observandas
1225 3873 1288 3940 sibi
1317 3885 1370 3956 pro·

274 3979 433 4065 posuerit,
468 3980 495 4045 si
527 3981 599 4065 quis
636 3988 828 4065 unoquoque
860 3981 931 4047 loco
963 4001 1022 4067 pro
1052 3989 1140 4047 certo
1169 3981 1269 4047 statui
1293 3988 1371 4066 posse

276 4086 461 4171 contendat,
484 4087 514 4154 is
536 4087 669 4153 multum
694 4109 714 4153 a
737 4108 813 4154 vero
838 4088 979 4154 aberret:
1015 4095 1136 4154 tantum
1160 4087 1233 4155 dico
1257 4088 1313 4152 bas
1332 4095 1371 4146 roo

275 4213 373 4279 posse
412 4193 607 4262 adumbrari.
654 4194 748 4261 Certe
781 4203 889 4260 autem
922 4195 1056 4278 liquebit
1087 4193 1220 4262 vocibus
1257 4183 1371 4260 Graecis

274 4300 403 4367 insertis
429 4308 609 4367 saturarum
624 4301 773 4368 virtutem
797 4322 860 4367 non
883 4295 978 4368 modo
1002 4322 1066 4368 non
1089 4302 1197 4382 minui,
1222 4300 1278 4368 sed
1294 4295 1370 4364 etiam

275 4428 327 4474 res
351 4415 510 4476 tractatas
534 4408 632 4473 multo
658 4406 831 4476 dilucidius
854 4409 1019 4478 illustrari.
