2828 5002
659 366 701 431 47

145 562 307 630 einsius
323 582 374 627 -au
402 561 470 629 sein
501 562 639 646 scheint,
672 561 715 626 ad
740 560 845 628 Ovid.
870 560 988 627 remed.
1017 581 1115 627 amor.
1140 564 1237 629 set«

145 688 206 736 aec
232 669 411 755 explicatio
434 689 531 736 verae
555 668 648 736 huius
671 668 760 735 vocis
785 668 1015 752 significationi
1038 670 1205 754 repugnat.

185 795 416 880 Interpretatio
436 793 646 876 Weidneri,
663 794 721 878 'qui
740 793 782 859 ad
798 792 828 862 h,
849 794 869 862 l.
894 792 986 859 dicit:
1009 793 1239 861 »Chironomoo

145 904 235 967 tedam
271 904 387 968 saltare
424 901 486 967 die
524 899 864 984 gestikuliereude
904 900 1023 980 Leda,
1062 900 1092 968 d.
1124 901 1156 968 h.
1190 899 1243 967 die

145 1008 212 1074 teda
243 1008 277 1074 in
309 1008 518 1075 malerischer
549 1009 809 1092 Armbewegung
841 1009 884 1073 im
916 1007 1031 1074 Mimus
1065 1006 1241 1074 darstellen

145 1111 329 1203 nppetcdarp
355 1123 405 1183 est
427 1115 656 1202 probabilis.
703 1116 785 1182 Nam
809 1115 1002 1181 vocabulum
1029 1121 1244 1203 χειρονόμος

145 1223 287 1289 rctivam
325 1222 398 1288 vim
439 1222 569 1305 habet,
612 1221 646 1287 id
682 1221 768 1306 quod
810 1242 851 1288 ex
886 1222 1050 1307 Hesych.
1088 1223 1109 1290 l.
1148 1223 1167 1287 l.
1211 1230 1242 1307 et

145 1331 316 1399 tristaen.
342 1331 435 1416 epist.
460 1330 485 1410 I,
511 1333 553 1398 26
581 1330 662 1396 satis
686 1336 832 1415 apparet.

192 1456 467 1540 Interrogantibus
495 1461 617 1538 autem,
650 1456 765 1538 quibus
795 1454 836 1520 de
864 1455 974 1522 causis
998 1455 1161 1521 Iuvenalis
1184 1475 1242 1541 pro

145 1563 255 1630 uocibus
288 1562 424 1630 Graecis
456 1564 647 1629 vocabulum
680 1582 756 1628 vere
789 1563 940 1628 Latinum
968 1563 1241 1646 gesticulator,

145 1687 189 1750 quo
210 1670 272 1736 iam
296 1670 439 1736 Colum.
473 1671 514 1736 de
542 1690 576 1736 re
605 1676 681 1736 rust.
706 1668 731 1748 I,
761 1668 864 1755 praef.
889 1673 909 1736 3
937 1690 1016 1736 usus
1047 1675 1124 1754 erat,
1154 1669 1241 1736 snb·

145 1777 286 1844 nituere
309 1776 491 1862 noluerit,
514 1776 747 1863 respondemus
769 1797 884 1843 voces
908 1776 1080 1844 Graecas
1102 1777 1140 1842 iu
1163 1797 1241 1844 ser·

145 1899 228 1951 none
252 1884 465 1970 cotidiano,
495 1905 535 1950 ex
558 1905 621 1969 quo
645 1892 743 1971 poeta
771 1885 910 1970 plurima
932 1885 1092 1950 vocabula
1116 1884 1242 1952 Graeca
1326 1952 1332 1965 ,

145 1987 336 2079 deprompsit,
369 1992 471 2058 videri
503 1999 578 2058 tum
606 1993 890 2060 usitatissimas
919 1991 1053 2062 fuisse.
1100 1992 1243 2074 Accedit,

145 2097 211 2177 quod
230 2107 366 2184 utroque
389 2100 460 2166 loco
485 2099 530 2166 de
553 2101 666 2167 rebus
691 2100 852 2167 Graecis
877 2098 1085 2184 cogitandum
1108 2106 1169 2166 est.

539 2317 661 2382 Nauium
688 2310 828 2401 [ναῦλον].

196 2457 349 2544 v111,97:
381 2458 571 2526 ...aduror
596 2466 646 2525 est
668 2465 742 2543 post
763 2457 877 2525 omnia
899 2455 1035 2543 perdere
1059 2456 1239 2525 naulum«

195 2599 314 2669 Schol.
339 2601 382 2666 ad
397 2601 484 2680 vul,
500 2604 558 2669 96:
587 2600 727 2666 »Sensus
751 2598 803 2666 hic
827 2607 891 2666 est:
916 2596 1001 2676 Quid
1023 2598 1082 2666 tibi
1101 2599 1241 2685 prodest,

145 2699 317 2794 Chaerippo,
353 2709 380 2775 si
413 2708 584 2774 damnatur
612 2706 724 2791 iudex,
759 2727 853 2792 quem
880 2714 914 2772 tu
942 2706 1161 2774 damnandum
1187 2727 1240 2773 ae·

145 2816 253 2895 curasti,
278 2836 350 2882 com
373 2815 461 2882 illius
485 2835 654 2882 successor
671 2815 765 2900 plura
784 2815 952 2880 ablaturus
972 2814 1015 2880 sit
1033 2814 1112 2882 tibi?
1135 2814 1240 2897 magis

145 2921 254 2995 oronte
287 2923 345 2989 tibi
377 2943 570 3008 praeconem
602 2929 634 2989 et
665 2923 848 2989 auctionem
881 2920 933 2988 fac
965 2942 1070 2988 rerum
1103 2929 1239 3004 tuarum,

145 3037 209 3101 quas
229 3039 476 3117 superaverunt,
509 3036 544 3096 ut
570 3031 603 3096 iu
626 3030 797 3115 pecuniam
820 3036 922 3112 totum
946 3028 1109 3109 conferas,
1142 3048 1183 3095 ne
1206 3035 1239 3096 et

145 3125 215 3210 ipsos
240 3156 366 3222 pannos
394 3144 466 3204 tuos
493 3136 627 3222 perdas,
657 3139 711 3222 qui
739 3143 975 3219 remanserunt3
1007 3156 1082 3202 nam
1105 3156 1166 3203 nec
1188 3155 1240 3202 ac

145 3244 247 3310 curatio
270 3245 330 3310 tibi
352 3244 497 3331 proderit
520 3251 552 3310 et
574 3245 705 3330 insuper
727 3245 878 3311 naulum
901 3242 1042 3330 perdis.‹

193 3365 302 3435 Valla
325 3367 368 3434 ad
393 3368 422 3434 h.
447 3369 484 3436 t:
519 3369 746 3435 »Proverbium
770 3377 871 3447 vetus,
901 3367 961 3434 hoc
984 3367 1074 3442 dicit,
1098 3353 1247 3436 amentia
1313 3466 1315 3471 Ι

145 3472 186 3544 et
208 3483 418 3561 posteaquam
441 3483 565 3542 tantum
589 3476 737 3543 amiseris
760 3475 953 3561 patrimonii,
977 3474 1063 3558 quod
1081 3476 1239 3560 reliquum

145 3581 187 3654 iii,
211 3582 313 3649 adbuc
336 3583 421 3650 velle
444 3585 621 3652 amittere«

480 3747 521 3811 In
545 3746 693 3812 litteris
716 3745 876 3811 Graecis

145 3854 311 3938 'oraturum
336 3875 471 3945 ναῦλος
493 3873 546 3939 vel
565 3874 714 3956 ναῦλον,
739 3890 801 3955 quo
820 3870 1030 3956 portorium
1049 3871 1239 3958 ναυκλήρῳ

149 3971 346 4047 0luendum
376 3978 590 4062 significatur,
624 3986 674 4044 est
703 3978 856 4044 usitatum
884 3987 954 4043 cum
982 3977 1015 4042 in
1047 3976 1140 4062 poesi
1173 3986 1239 4041 tum

145 4090 156 4134 i
178 4102 275 4169 prosa
299 4086 454 4154 oratione.
492 4084 585 4163 Quod
614 4085 695 4152 haec
717 4104 781 4151 vox
801 4084 928 4149 nonita
952 4104 1052 4170 saepe
1070 4083 1238 4167 iuvenitur,

146 4177 224 4260 ffero
248 4214 360 4261 omnes
384 4193 473 4259 locos
496 4193 649 4277 Graecos,
674 4212 754 4276 quos
777 4191 919 4277 reperire
942 4191 1041 4277 potui.

191 4319 269 4386 Sunt
293 4318 486 4404 Aristoph.
510 4338 578 4384 ran.
598 4319 679 4385 270:
703 4322 762 4384 τὸν
786 4319 924 4383 ναῦλον.
971 4314 1139 4400 Xenoph.
1163 4314 1239 4399 Cyri

145 4427 234 4502 iped.
250 4427 287 4512 V,
300 4434 330 4507 l,
344 4430 394 4493 12.
422 4425 616 4495 Demosth.
650 4431 745 4489 oratt.
761 4423 895 4507 XXXV,
906 4426 959 4501 32,
974 4444 1005 4507 p.
1018 4424 1092 4490 933.
1116 4421 1168 4507 IL,
1183 4423 1237 4503 26,
