2828 5002
437 1210 768 1321 Praefatio

36 1555 88 1628 A.
139 1553 248 1647 Quae
291 1541 343 1627 de
386 1555 603 1627 vocabulis
647 1553 822 1627 Graecis
864 1599 916 1609 —
957 1557 1162 1633 nominibus

33 1677 270 1776 appellativis
299 1723 350 1733 —
378 1679 413 1777 in
440 1677 602 1775 linguam
624 1678 792 1752 Latinam
814 1679 996 1754 translatis
1021 1702 1161 1779 usque

257 1803 311 1875 ad
338 1803 449 1875 hanc
479 1811 664 1877 aetatem
693 1803 832 1899 scripta
860 1804 941 1878 sint:

165 1995 198 2078 a)
227 1987 474 2075 aurammatlcte
498 1994 610 2060 tallolo
634 2011 728 2077 usqua
751 1993 789 2059 ad
814 1995 1032 2076 urammatlcac

396 2100 623 2183 comparativae
645 2102 794 2183 tempora.

101 2244 190 2310 Inter
214 2262 325 2310 omnes
349 2250 477 2309 constat
499 2242 644 2326 linguam
667 2242 828 2325 Latinam,
852 2244 960 2327 qualis
983 2244 1113 2328 quidem
1137 2268 1158 2312 a

33 2349 247 2435 scriptoribus
267 2349 392 2415 Latinis
411 2350 586 2415 memoriae
601 2348 732 2434 prodita
751 2355 811 2429 est,
835 2350 1003 2416 vocabulis
1023 2351 1158 2419 Graecis

32 2456 187 2521 refertam
212 2475 304 2542 esse,
325 2476 429 2540 neque
453 2454 487 2519 id
511 2456 624 2520 mirum
648 2454 797 2521 videatur
821 2456 862 2540 ei,
886 2457 940 2539 qui
965 2458 1158 2543 consideret,

33 2561 196 2647 quomodo
212 2563 347 2628 Romani
367 2562 410 2628 ad
430 2561 550 2628 cultum
569 2568 667 2644 atque
686 2559 918 2626 humanitatem
938 2565 1158 2648 pervenerint,

32 2689 90 2737 eos
114 2670 198 2736 enim
222 2670 255 2735 in
279 2669 329 2736 his
351 2669 448 2735 rebus
472 2690 513 2735 ex
537 2667 673 2734 Graecis
696 2666 839 2754 pendere
863 2688 956 2734 nemo
981 2671 1095 2738 nescit.

98 2778 205 2859 Atque
228 2776 294 2841 iam
317 2776 521 2860 grammatici
540 2775 658 2854 Latini,
685 2783 720 2840 ut
743 2775 907 2859 Probus,
932 2775 1157 2862 Diomedes,

32 2881 249 2962 Charisius,
292 2882 535 2968 Priscianus,
578 2881 621 2947 ad
663 2880 823 2946 vocabula
865 2873 992 2948 Graeca
1030 2883 1062 2948 in
1100 2884 1157 2949 lin-

32 3009 131 3074 gnam
165 2988 313 3054 Latinam
346 2995 478 3074 recepta
510 2989 634 3054 animos
668 2986 875 3054 attenderunt
908 2995 939 3053 et
972 2987 1012 3055 tle
1041 2989 1082 3055 iia
1110 2990 1157 3056 ita

35 3102 186 3182 egerunt,
210 3102 247 3162 ut
270 3095 489 3181 ostenderent,
513 3094 673 3178 quomodo
699 3114 808 3160 eorum
831 3094 933 3160 multa
957 3093 1157 3164 flectenda

31 3210 150 3271 essent.
199 3201 340 3280 Quorum
368 3209 546 3288 praecepta
573 3201 633 3266 viri
663 3200 748 3267 docti
777 3201 951 3266 maximam
973 3209 1099 3288 partem
1123 3205 1155 3270 in

30 3309 252 3392 grammaticis
275 3308 401 3374 Latinis
430 3307 524 3374 huius
554 3309 672 3374 aetatis
701 3307 911 3373 conficiendis
940 3309 1041 3374 secuti
1071 3318 1154 3377 sunt.

96 3417 177 3482 Post
195 3423 326 3482 renatas
348 3416 474 3482 litteras
499 3414 562 3481 duo
586 3416 647 3494 viri
666 3414 753 3479 docti
774 3412 817 3478 ad
836 3433 934 3480 voces
954 3414 1099 3482 Graecas
1123 3417 1155 3481 in

30 3522 174 3606 linguam
191 3522 342 3589 Latinam
367 3523 545 3589 translatas
563 3521 718 3587 nonnulla
740 3521 924 3603 attulerunt,
949 3541 1034 3604 quae
1057 3522 1156 3589 etiam

29 3649 114 3699 nunc
139 3649 180 3695 ex
204 3649 264 3695 usu
288 3636 371 3695 sunt.

94 3737 143 3801 Ao
173 3736 297 3822 primus
330 3743 397 3802 tum
432 3735 515 3801 hanc
552 3756 618 3801 rem
648 3735 801 3801 tractavit
837 3734 877 3799 D.
912 3734 1086 3801 Vcchner
1121 3736 1155 3800 in

28 3842 124 3927 libro,
168 3843 223 3926 qui
260 3843 458 3908 inscribitur:
496 3841 773 3908 Hellenclcxia
810 3842 878 3906 sive
916 3840 1154 3925 parallelismus

28 3948 307 4016 Graeco-Latinus
332 3947 548 4026 (Francoiurti
573 3952 673 4025 16103
700 3947 908 4030 Argentorati
934 3950 1034 4031 1630;
1058 3948 1154 4012 novis

27 4055 271 4123 accessionibus
304 4063 337 4123 et
369 4055 650 4124 observationibus
692 4056 734 4120 ab
752 4050 754 4055 ’
775 4054 902 4120 Joanne
938 4053 1034 4122 liicb.
1069 4054 1153 4119 Heu·

27 4163 156 4247 singero
177 4168 284 4228 aucta.
321 4162 449 4228 dathae
472 4165 586 4245 1733t:
611 4162 636 4244 I,
653 4181 724 4245 cap.
740 4161 771 4224 1:
797 4161 846 4225 De
871 4160 1031 4226 divisione
1054 4160 1154 4225 totius

26 4269 211 4352 doetrinae,
249 4288 321 4353 cap.
351 4269 397 4334 ll:
435 4269 486 4335 De
523 4267 656 4333 vocibus
694 4267 829 4333 Graecis
866 4266 985 4333 Latina
1022 4266 1154 4332 civitate

23 4376 171 4458 donatis3
206 4394 280 4460 cap.
304 4374 369 4439 lll:
403 4376 453 4441 De
486 4374 705 4441 declinatione
735 4393 849 4440 vocum
882 4394 904 4440 a
936 4373 1071 4440 Graccis
1099 4371 1153 4438 de

72 4482 180 4528 ancer.
976 4480 990 4534 1
