2828 5002
667 338 707 400 27

176 530 223 594 In
251 529 371 597 litteris
395 530 521 596 Latinis
544 529 747 614 vocabulum,
772 550 835 613 quo
859 528 941 596 haec
959 528 1060 596 aedes
1080 549 1174 595 sacra
1195 550 1248 595 cx·

135 638 291 716 umatus,
315 656 379 702 non
403 643 521 705 exstat.

178 742 355 810 Iuvenalis
388 750 497 809 aetate
530 764 593 809 vox
625 742 845 827 proseucha
877 742 1005 808 videtur
1037 741 1138 808 fuisse
1171 749 1248 808 ter-

135 852 245 915 imus
270 850 489 927 technicus‚
517 869 611 933 quem
636 849 782 933 dicimus,
814 848 1005 915 aduodes
1030 868 1166 915 sacras
1190 850 1248 914 lu·

134 977 305 1024 aeorum
338 957 408 1023 sive
440 961 613 1037 συναγωγὰς
646 955 902 1023 denotandas.
949 957 997 1022 Ac
1020 955 1248 1021 vocabulum

142 1084 308 1130 raecum
343 1084 361 1129 e
393 1083 570 1130 sermone
602 1062 805 1128 cotidiano
834 1062 867 1126 in
894 1070 1013 1147 poctac
1041 1070 1170 1128 saturas
1198 1081 1247 1126 re·

135 1179 250 1257 aptum
275 1189 349 1236 csse
371 1169 405 1234 iu
429 1176 579 1256 promptu
603 1175 661 1236 est.

310 1347 539 1429 *lrecbcdlpua
562 1346 618 1425 (cf.
643 1367 674 1431 p.
702 1349 743 1414 19
768 1345 856 1424 adu.)
880 1346 1117 1434 [τρεχέδειπνος].

183 1473 313 1551 Ill,6l:
339 1471 511 1538 »Rusticus
531 1471 586 1537 illc
606 1478 679 1537 tuus
696 1471 792 1536 sumit
811 1469 1084 1557 trecbedipua,
1103 1469 1247 1550 Quirine,

324 1580 377 1663 ΙΙΙΙ
401 1579 594 1645 ceromatico
619 1577 680 1642 fert
703 1577 858 1644 niceteria
882 1577 996 1643 collo«

185 1685 313 1752 Schol.
338 1684 382 1751 ad
405 1685 436 1753 b.
461 1684 499 1753 l.:
536 1684 757 1750 »Vestimenta
780 1684 968 1769 parasitica,
997 1685 1050 1750 vel
1074 1683 1246 1768 galliculas

135 1792 307 1876 caligulas]
330 1791 476 1858 Graecas
500 1792 694 1857 currentium
719 1789 761 1856 ad
786 1811 928 1856 cenam«
1268 1855 1270 1859 .

184 1900 281 1985 Ocrp.
305 1899 412 1967 Gloss.
438 1900 508 1964 Lat.
532 1897 591 1982 ΙΙΙ,
616 1901 691 1982 336,
712 1900 745 1965 3:
771 1897 993 1986 »Τρεχέδιπνος
1016 1898 1244 1983 copidicenus‹

135 2008 161 2073 b.
188 2027 217 2074 e.
243 2005 464 2092 cupidicenus‚
490 2025 592 2072 cenae
617 2005 774 2090 cupidus]⁸

480 2131 520 2196 ln
543 2130 693 2196 litteris
718 2130 880 2197 Graecis

138 2239 313 2304 ccabulum
336 2239 588 2326 τρεχέδειπνος
610 2236 729 2319 legitur

184 2345 210 2409 Ι.
246 2343 336 2428 apud
365 2344 560 2410 Plutarch.
590 2350 716 2426 quaest.
742 2343 864 2410 conviv.
891 2343 976 2426 Vlll,
1001 2347 1031 2418 6,
1058 2347 1085 2425 1,
1111 2345 1126 2408 l
1154 2339 1246 2421 [mor.

135 2480 147 2514 ι.
173 2454 239 2518 726
255 2452 303 2535 al:
342 2449 427 2517 »Τῶν
454 2449 523 2515 uteo
551 2473 608 2537 μου
630 2452 699 2522 τοὺς
722 2450 884 2534 νεωτέρους
907 2451 937 2514 ἐν
961 2454 1083 2534 θεάτρῳ
1107 2451 1247 2533 προσδια-

135 2563 283 2646 ρίψαντας
315 2557 488 2645 ἀκροάμασι
519 2562 573 2622 καὶ
605 2559 725 2642 βράδιον
757 2557 806 2620 ἐπὶ
835 2560 868 2621 τδ
897 2558 1013 2622 δεῖπνον
1045 2554 1193 2627 ἐλθόντας
1221 2553 1248 2620 οἱ

135 2670 234 2737 ίέωνος
261 2664 317 2730 υἱοί
343 2666 589 2738 κωλυσιδείπνους
615 2669 669 2729 καί
698 2665 914 2751 ζοροδόρπιδας
940 2667 993 2729 καί
1024 2673 1147 2728 τοιαῦτα
1174 2666 1248 2750 μετὰ

135 2774 238 2844 ἀιδιᾶς
252 2773 423 2837 Ιἔσκωπτον·
444 2770 471 2837 οί
491 2769 695 2859 δ’ἀρυνόμενοι
714 2774 803 2837 πάλιν
818 2770 950 2843 ἐκείνους
964 2770 1248 2857 τρεχεδείπνους

135 2878 302 2944 ,πεκάλουκ
344 2876 409 2943 Καί
431 2902 478 2951 τις
501 2877 564 2943 εἶπε
588 2887 648 2944 τῶν
671 2881 873 2962 πρεσβυτέρων
896 2876 1152 2964 τρεχέδειπνον
1175 2876 1248 2943 εἶναι

135 2989 166 3052 δν
195 2982 381 3070 δστερίζοντα
407 2995 461 3050 τοῦ
490 2986 620 3051 δείπνου·
654 2987 763 3049 θᾶττον
791 2988 848 3068 γὰρ
875 2981 895 3069 ἢ
927 2986 1021 3071 βάδην
1048 2982 1247 3070 ἐπαγόμενον,

135 3115 192 3158 ταν
216 3094 357 3176 βραδυνιγ,
381 3096 568 3181 petasatus«
609 3089 873 3178 Τρεχέδειπνος
897 3089 957 3154 fuit
979 3089 1118 3155 sortasse
1142 3091 1245 3154 iocu-

134 3199 215 3264 aris
258 3199 429 3283 parasiti
468 3197 702 3283 appellatio,
748 3217 832 3281 quae
873 3197 1010 3262 forsitan
1047 3196 1246 3279 aliquamdiu

135 3306 217 3370 uerit
249 3305 405 3388 vulgaris.
454 3304 686 3371 Vocabulum
720 3325 765 3369 ex
797 3302 923 3369 media
955 3302 1008 3369 vel
1034 3324 1135 3368 nova
1163 3324 1247 3387 quae

135 3412 238 3478 ,icitur
270 3410 471 3478 comoedia
506 3411 634 3477 videtur
671 3410 934 3496 depromptum
968 3430 1055 3495 esse,
1088 3409 1174 3493 quod
1208 3430 1246 3476 eo

135 3519 233 3586 titur:

185 3626 228 3691 Π.
255 3623 478 3710 Alcipbrou,
498 3625 552 3709 qui
568 3626 662 3710 epist.
681 3625 738 3702 Ill,
754 3628 776 3691 4
794 3625 971 3709 parasito
988 3624 1116 3689 cuidam
1131 3644 1246 3689 nomeu

135 3732 388 3819 Ῡρεχέδειπνος
409 3753 468 3817 per
489 3734 594 3798 iocum
618 3731 764 3816 imponit.

186 3838 244 3902 III.
279 3837 414 3906 Athen.
448 3837 506 3922 Vl,
540 3862 570 3923 p.
601 3842 666 3905 242
695 3858 726 3903 c:
765 3835 836 3901 »Ἐν
868 3840 900 3901 δὲ
930 3850 973 3921 τῷ
1006 3836 1245 3922 Παγκρατιαστῇ

135 3944 239 4018 Aleia
271 3946 551 4033 τρεχεδείπνους
583 3948 756 4027 καταλέγων
789 3950 910 4031 φησίν(
959 3951 1135 4027 sequuntur
1163 3963 1245 4007 com·
1318 4027 1320 4032 Ι

135 4051 215 4116 [lura
234 4051 366 4116 nomina
385 4051 427 4116 ab
441 4050 579 4117 Alexide
598 4051 642 4115 ibi
663 4057 861 4134 enumerata,
881 4069 966 4133 quae
985 4049 1247 4134 parasitorum

136 4177 194 4224 sse
217 4165 320 4242 patet.
637 4196 642 4203 -

186 4264 375 4330 Ribbeck:
413 4263 539 4330 Kolax
572 4264 642 4329 eine
675 4263 899 4345 ethologische
932 4261 1061 4342 Studio,
1093 4259 1247 4324 Abhaud·

135 4391 238 4453 angen
273 4370 333 4435 der
364 4369 612 4455 philol-histor.
647 4372 766 4437 Klassc
803 4368 861 4436 der
898 4369 1019 4452 konigl.
1059 4366 1247 4435 Saohsisch.
