2828 5002
758 336 835 422 '24

254 554 357 620 Suid.
382 575 409 623 s.
424 575 470 619 v.:
498 552 667 619 »Πόπανα
689 556 873 618 πλανοόντια
895 551 1013 618 πλατέα
1036 557 1088 616 καὶ
1106 555 1200 618 λεπτὰ
1223 557 1278 618 καὶ
1300 575 1367 637 cao.-
1410 606 1413 614 r

253 674 361 750 cepa«
410 661 568 727 Gramm.
601 661 633 725 in
666 659 808 726 Bekkeri
841 658 997 726 Anecdot.
1026 658 1161 724 Graecis
1186 659 1212 743 I,
1237 681 1272 744 p.
1296 662 1366 743 215:
1410 681 1412 689 ·

256 765 426 854 »Ἀρεσπὴρ
450 774 607 834 πόπανον
633 772 669 832 τό
696 765 727 831 έν
755 777 822 838 ταῖς
848 766 969 838 θυσίαις
997 765 1201 852 ἐπιτιθέμενον
1225 769 1306 832 κατὰ
1326 754 1384 841 τοῦΙ
1411 800 1413 805 >

252 882 374 960 cepoe«
432 873 523 941 ibid.
551 877 630 940 294:
671 879 863 939 »πόπανονι
901 879 1032 938 πόπανόν
1062 874 1124 937 ἐστι
1156 875 1367 959 πλάτομμόιτ

253 982 443 1066 στρογγόλον,
468 981 528 1045 ἀπό
552 980 684 1064 στέατος,
707 977 756 1053 εἰς·
772 979 883 1045 θυσίαν
904 979 1100 1066 ἐπιτήδειον(

299 1066 415 1152 'Addo
440 1085 601 1152 candem
625 1085 961 1169 significationem
985 1105 1024 1151 ac
1042 1068 1202 1152 vocabulo
1220 1092 1367 1152 πόπανον

253 1194 362 1259 inesse
371 1193 502 1258 vocibus
517 1199 684 1281 πέμματα
699 1198 731 1259 ct
745 1199 892 1279 ψαιστά,
909 1191 948 1259 cf.
963 1192 1134 1260 Lobeck:
1160 1191 1366 1278 Aglaopham

253 1322 285 1385 p.
312 1303 407 1367 1083.

322 1404 479 1482 Quotiens
512 1406 684 1490 scriptores
718 1405 826 1470 Latini
859 1406 1030 1488 loquuntur
1064 1404 1104 1470 de
1132 1425 1172 1470 ca
1202 1426 1247 1485 re,
1282 1425 1368 1489 quan

56 1547 59 1554 =
175 1585 178 1589 ,
255 1513 374 1580 Graeci
396 1512 524 1578 nomine
543 1519 704 1578 πόπανον
722 1511 897 1596 appellant,
921 1511 985 1596 ipsi
1008 1512 1055 1576 uti
1079 1511 1185 1578 solent
1208 1512 1367 1577 vocabulis

213 1685 215 1690 ,
255 1618 463 1685 hellarium
487 1619 668 1685 ctlibnm.

321 1726 547 1803 Bellarium‚
586 1724 672 1809 quod
710 1724 807 1789 Valla
843 1724 864 1788 I.
897 1725 918 1789 I.
956 1731 1087 1789 auctore
1122 1715 1212 1790 idem
1246 1725 1307 1789 fuit
1337 1721 1378 1788 ao

254 1852 427 1918 popanum,
451 1832 602 1898 Gellius
625 1832 713 1914 XIII,
739 1834 790 1910 11,
811 1834 831 1898 6
852 1851 900 1913 sq.
926 1831 971 1895 ita
995 1829 1121 1896 definit:
1149 1831 1369 1915 ›‚BeIIaria‘,

255 1938 360 2022 inquit
383 1939 525 2022 [Varro],
560 1958 610 2021 ,ca
634 1938 774 2003 maxime
798 1944 872 2003 sunt
895 1936 1030 2022 mellita,
1059 1954 1143 2021 quac
1166 1937 1293 2005 mellita
1316 1958 1369 2002 non

256 2053 343 2113 sunt:
366 2045 516 2132 πέμμασιν
529 2045 626 2111 ‘enim
646 2064 717 2109 cnm
732 2050 816 2131 πέψει
831 2044 971 2109 socletas
988 2043 1109 2109 infida‘.
1147 2043 1243 2122 Quod
1260 2046 1370 2110 Varro

256 2152 317 2218 boc
348 2152 382 2216 in
414 2153 486 2218 loco
519 2151 601 2216 dixit
633 2151 814 2234 bellaria,
846 2171 887 2215 ne
920 2150 992 2234 quis
1025 2143 1112 2240 forte,
1142 2151 1174 2215 in
1208 2152 1274 2217 ista
1302 2171 1371 2216 voce

256 2258 404 2336 haereat,
440 2257 603 2342 significat
635 2257 669 2322 id
702 2258 894 2323 vocabulum
927 2278 1019 2323 omne
1052 2278 1184 2324 mensae
1217 2257 1372 2325 secundae

257 2386 369 2448 genus.
417 2366 499 2432 Nam
523 2385 607 2449 quac
630 2365 774 2452 πέμματα
792 2364 911 2430 Graeci
935 2372 993 2430 aut
1016 2362 1197 2452 τραγήματα
1221 2365 1371 2442 dixerunt,

162 2472 166 2481 '
258 2492 298 2562 ea
329 2480 455 2539 veteres
487 2472 589 2537 nostri
621 2470 790 2538 bellaria
823 2470 1078 2556 appellaverunt.
1134 2472 1221 2537 Vina
1255 2492 1373 2556 quoque

258 2579 404 2670 dulciora
428 2587 478 2645 est
501 2579 644 2645 invenIre
667 2579 700 2643 in
720 2577 896 2644 comoediis
915 2578 1151 2662 antiquioribus
1170 2578 1233 2644 hoc
1252 2580 1393 2652 nominc¹

258 2681 425 2786 alpbsllata
449 2686 600 2768 dictaque
624 2705 698 2751 csse
722 2705 762 2750 ea
783 2685 893 2749 Liberi
917 2685 1118 2752 bellaria«

297 2791 375 2857 ⁴¹lix
395 2792 605 2877 scriptoribus
625 2791 750 2857 Latinis
764 2811 876 2857 vocem
891 2791 1096 2857 bellarium
1110 2792 1232 2876 primus
1247 2798 1375 2876 usurpet

201 2916 203 2920 ’
258 2898 420 2965 Plautus
444 2897 573 2965 Trucul.
598 2898 639 2976 II,
658 2902 689 2975 5,
704 2901 746 2964 27
770 2898 879 2978 (480);
908 2899 990 2964 »Far
1013 2899 1185 2964 verbenam
1210 2898 1274 2965 buc
1297 2900 1376 2963 intus

259 3013 291 3072 et
314 3007 509 3073 bellaria.‹

326 3113 470 3178 Alterum
485 3113 675 3177 vocabulum
694 3111 854 3196 Latinum,
877 3131 940 3195 quo
960 3111 1119 3177 Graecum
1139 3117 1295 3177 πόπανον
1314 3131 1378 3178 vcr-

259 3221 345 3303 titur,
370 3227 420 3286 est
437 3219 568 3298 libum,
591 3218 678 3303 quod
693 3218 744 3283 bis
758 3218 839 3284 Iocis
855 3219 1028 3284 invenitur:
1054 3218 1133 3287 Oat.
1154 3218 1195 3282 de
1214 3220 1315 3301 agric.
1333 3220 1379 3284 ib.

259 3325 365 3394 Varr.
390 3326 431 3391 dc
454 3346 489 3391 re
512 3338 591 3393 rust.
608 3326 648 3405 11,
665 3329 696 3410 8,
714 3329 748 3390 l:
776 3325 875 3391 »Cum
894 3325 977 3391 haec
991 3326 1202 3408 loqueremur,
1227 3326 1374 3392 venit...

259 3431 405 3517 libertus,
437 3435 492 3517 qni
525 3433 614 3498 dIoat
649 3431 731 3496 liba
767 3432 919 3497 absoluta
956 3451 1030 3498 csse
1067 3441 1098 3497 et
1135 3453 1201 3498 rem
1239 3432 1381 3496 divinam

259 3547 435 3625 paratam«
484 3540 569 3605 Hor.
596 3540 689 3625 epist.
703 3540 729 3622 I,
747 3543 796 3618 10,
815 3543 865 3606 10.
913 3539 1053 3606 Tibull.
1078 3539 1118 3622 11,
1142 3543 1175 3624 2,
1197 3543 1225 3605 8.
1266 3537 1381 3605 Ovio.

259 3647 334 3714 Iast.
347 3646 404 3731 III,
419 3649 500 3726 6703
517 3649 591 3714 761.
622 3646 720 3711 Mart
740 3648 771 3730 8,
787 3649 840 3729 24,
855 3649 887 3711 4.
920 3647 1047 3711 Iuven.
1064 3646 1121 3729 III,
1139 3648 1212 3713 187.
1226 3645 1316 3722 XVI,
1332 3647 1381 3712 39.

328 3751 509 3836 Quaeritur,
523 3773 588 3836 qua
603 3751 645 3818 de
660 3772 761 3819 causa
780 3751 994 3837 IurcnaIIs‚
1017 3753 1072 3836 qui
1092 3751 1199 3837 solus
1219 3752 1252 3815 in
1267 3752 1383 3817 litteris

260 3860 386 3925 Latinis
412 3860 603 3925 vocabulum
635 3878 827 3944 popanum
861 3858 1003 3934 exhibet,
1033 3859 1088 3937 Vl,
1110 3862 1174 3926 541
1210 3859 1273 3923 hac
1305 3877 1384 3923 voce

261 3966 389 4032 Graeca
411 3967 458 4032 uti
482 3968 639 4044 maluerit,
664 3988 761 4050 qnam
784 3965 912 4044 Latina,
937 3986 1021 4049 quac
1036 3967 1094 4042 ΙΙΙ,
1113 3968 1174 4033 187
1191 3973 1224 4030 et
1237 3965 1327 4044 XVI,
1345 3969 1384 4032 39

261 4071 386 4156 legitur.

327 4177 391 4255 Qui
424 4179 667 4264 antiquissimos
701 4181 789 4245 locos
823 4179 967 4246 Graecos
1000 4179 1086 4245 solos
1116 4179 1325 4264 spectaverit,
1359 4178 1386 4243 is

262 4285 359 4351 facile
382 4294 474 4371 putet
493 4287 679 4353 Iuvenalem
694 4305 804 4352 vocem
820 4306 1012 4371 popanum
1028 4307 1069 4352 ex
1083 4285 1200 4352 studiis
1215 4294 1388 4370 poetarum

262 4393 455 4458 comicorum
485 4394 664 4459 Atticorum
697 4401 874 4459 mutuatum
908 4413 992 4460 esse.
1039 4394 1103 4458 Sed
1137 4393 1165 4458 si
1198 4393 1272 4476 quis
1308 4395 1390 4460 Iocis
