<?xml version="1.0" encoding="UTF-8"?>
<!DOCTYPE html PUBLIC "-//W3C//DTD XHTML 1.0 Transitional//EN"
    "http://www.w3.org/TR/xhtml1/DTD/xhtml1-transitional.dtd">
<html xmlns="http://www.w3.org/1999/xhtml" xml:lang="en" lang="en">
 <head>
  <title>
</title>
<meta http-equiv="Content-Type" content="text/html;charset=utf-8" />
  <meta name='ocr-system' content='tesseract 3.04.00' />
  <meta name='ocr-capabilities' content='ocr_page ocr_carea ocr_par ocr_line ocrx_word'/>
</head>
<body>
  <div class='ocr_page' id='page_1' title='image "./iuvenalisgraeci00thiegoog_0042.png"; bbox 0 0 2828 5002; ppageno 0'>
   <div class='ocr_carea' id='block_1_1' title="bbox 601 128 643 189">
    <p class='ocr_par' dir='ltr' id='par_1_1' title="bbox 601 128 643 189">
     <span class='ocr_line' id='line_1_1' title="bbox 601 128 643 189; baseline -0.048 0"><span class='ocrx_word' id='word_1_1' title='bbox 601 128 643 189; x_wconf 70' lang='lat'>29</span> 
     </span>
    </p>
   </div>
   <div class='ocr_carea' id='block_1_2' title="bbox 24 291 1184 512">
    <p class='ocr_par' dir='ltr' id='par_1_2' title="bbox 24 291 1184 512">
     <span class='ocr_line' id='line_1_2' title="bbox 24 291 1184 405; baseline 0.006 -28"><span class='ocrx_word' id='word_1_2' title='bbox 24 312 197 384; x_wconf 81' lang='lat' dir='ltr'>Videtur</span> <span class='ocrx_word' id='word_1_3' title='bbox 223 325 330 384; x_wconf 89' lang='lat' dir='ltr'>autem</span> <span class='ocrx_word' id='word_1_4' title='bbox 353 317 454 384; x_wconf 86' lang='lat' dir='ltr'>fuisse</span> <span class='ocrx_word' id='word_1_5' title='bbox 479 291 655 402; x_wconf 85' lang='lat' dir='ltr'>pallium,</span> <span class='ocrx_word' id='word_1_6' title='bbox 676 320 700 401; x_wconf 84' lang='lat' dir='ltr'>j.</span> <span class='ocrx_word' id='word_1_7' title='bbox 726 340 754 389; x_wconf 91' lang='lat' dir='ltr'>e.</span> <span class='ocrx_word' id='word_1_8' title='bbox 780 320 920 405; x_wconf 88' lang='lat' dir='ltr'>amplum</span> <span class='ocrx_word' id='word_1_9' title='bbox 945 322 1126 397; x_wconf 88' lang='lat' dir='ltr'>amiculum,</span> <span class='ocrx_word' id='word_1_10' title='bbox 1151 319 1184 384; x_wconf 93' lang='lat' dir='ltr'>id</span> 
     </span>
     <span class='ocr_line' id='line_1_3' title="bbox 31 424 1183 512; baseline 0.003 -25"><span class='ocrx_word' id='word_1_11' title='bbox 31 424 138 505; x_wconf 90' lang='lat' dir='ltr'>quod</span> <span class='ocrx_word' id='word_1_12' title='bbox 177 431 319 510; x_wconf 90' lang='lat' dir='ltr'>apparet</span> <span class='ocrx_word' id='word_1_13' title='bbox 350 445 390 490; x_wconf 84' lang='lat' dir='ltr'>ex</span> <span class='ocrx_word' id='word_1_14' title='bbox 425 425 550 489; x_wconf 87' lang='lat' dir='ltr'>Plaut.</span> <span class='ocrx_word' id='word_1_15' title='bbox 586 427 674 492; x_wconf 90' lang='lat' dir='ltr'>Pers.</span> <span class='ocrx_word' id='word_1_16' title='bbox 700 426 724 510; x_wconf 92' lang='lat' dir='ltr'>l,</span> <span class='ocrx_word' id='word_1_17' title='bbox 750 427 780 510; x_wconf 90' lang='lat'>3,</span> <span class='ocrx_word' id='word_1_18' title='bbox 805 429 858 504; x_wconf 84' lang='lat'>40,</span> <span class='ocrx_word' id='word_1_19' title='bbox 884 447 953 510; x_wconf 90' lang='lat' dir='ltr'>sqq.</span> <span class='ocrx_word' id='word_1_20' title='bbox 981 428 1183 512; x_wconf 70' lang='lat' dir='ltr'>(121⁸qu</span> 
     </span>
    </p>
   </div>
   <div class='ocr_carea' id='block_1_3' title="bbox 146 549 1104 1263">
    <p class='ocr_par' dir='ltr' id='par_1_3' title="bbox 146 549 1022 844">
     <span class='ocr_line' id='line_1_4' title="bbox 148 549 1022 634; baseline 0.01 -27"><span class='ocrx_word' id='word_1_21' title='bbox 148 549 274 616; x_wconf 78' lang='lat' dir='ltr'><strong>»Nihili</strong></span> <span class='ocrx_word' id='word_1_22' title='bbox 297 549 498 634; x_wconf 81' lang='lat' dir='ltr'><strong>parasitus</strong></span> <span class='ocrx_word' id='word_1_23' title='bbox 523 558 582 634; x_wconf 92' lang='lat' dir='ltr'>est,</span> <span class='ocrx_word' id='word_1_24' title='bbox 607 551 660 632; x_wconf 91' lang='lat' dir='ltr'>qui</span> <span class='ocrx_word' id='word_1_25' title='bbox 681 550 1022 631; x_wconf 81' lang='lat' dir='ltr'>Argentumdonidast.</span> 
     </span>
     <span class='ocr_line' id='line_1_5' title="bbox 147 655 869 741; baseline 0 -21"><span class='ocrx_word' id='word_1_26' title='bbox 147 655 278 721; x_wconf 87' lang='lat' dir='ltr'>Lubido</span> <span class='ocrx_word' id='word_1_27' title='bbox 303 657 462 741; x_wconf 84' lang='lat' dir='ltr'>extemplo</span> <span class='ocrx_word' id='word_1_28' title='bbox 487 664 655 741; x_wconf 79' lang='lat' dir='ltr'>coeperest</span> <span class='ocrx_word' id='word_1_29' title='bbox 678 658 869 736; x_wconf 86' lang='lat' dir='ltr'>convivium,</span> 
     </span>
     <span class='ocr_line' id='line_1_6' title="bbox 146 761 853 844; baseline 0.006 -19"><span class='ocrx_word' id='word_1_30' title='bbox 146 761 362 826; x_wconf 79' lang='lat' dir='ltr'>Tuburoinari</span> <span class='ocrx_word' id='word_1_31' title='bbox 392 762 433 827; x_wconf 93' lang='lat' dir='ltr'>de</span> <span class='ocrx_word' id='word_1_32' title='bbox 462 781 535 844; x_wconf 90' lang='lat' dir='ltr'>suo,</span> <span class='ocrx_word' id='word_1_33' title='bbox 569 764 597 828; x_wconf 92' lang='lat' dir='ltr'>si</span> <span class='ocrx_word' id='word_1_34' title='bbox 622 762 699 844; x_wconf 87' lang='lat' dir='ltr'>quid</span> <span class='ocrx_word' id='word_1_35' title='bbox 725 762 853 830; x_wconf 86' lang='lat' dir='ltr'>domist.</span> 
     </span>
    </p>

    <p class='ocr_par' dir='ltr' id='par_1_4' title="bbox 148 867 1104 1165">
     <span class='ocr_line' id='line_1_7' title="bbox 148 867 1104 955; baseline 0.001 -23"><span class='ocrx_word' id='word_1_36' title='bbox 148 867 304 952; x_wconf 88' lang='lat' dir='ltr'>Cynicum</span> <span class='ocrx_word' id='word_1_37' title='bbox 328 888 402 934; x_wconf 88' lang='lat' dir='ltr'>esse</span> <span class='ocrx_word' id='word_1_38' title='bbox 426 875 574 951; x_wconf 85' lang='lat' dir='ltr'>egentem</span> <span class='ocrx_word' id='word_1_39' title='bbox 598 876 725 953; x_wconf 82' lang='lat' dir='ltr'>oportet</span> <span class='ocrx_word' id='word_1_40' title='bbox 748 871 966 954; x_wconf 83' lang='lat' dir='ltr'>parasitum</span> <span class='ocrx_word' id='word_1_41' title='bbox 990 871 1104 955; x_wconf 89' lang='lat' dir='ltr'>probe:</span> 
     </span>
     <span class='ocr_line' id='line_1_8' title="bbox 149 972 1094 1061; baseline 0.003 -24"><span class='ocrx_word' id='word_1_42' title='bbox 149 972 345 1059; x_wconf 83' lang='lat' dir='ltr'>Ampullam,</span> <span class='ocrx_word' id='word_1_43' title='bbox 370 975 538 1058; x_wconf 86' lang='lat' dir='ltr'>strigilem,</span> <span class='ocrx_word' id='word_1_44' title='bbox 564 974 743 1059; x_wconf 78' lang='lat' dir='ltr'>scaphium,</span> <span class='ocrx_word' id='word_1_45' title='bbox 768 995 892 1053; x_wconf 81' lang='lat' dir='ltr'>soccos,</span> <span class='ocrx_word' id='word_1_46' title='bbox 916 975 1094 1061; x_wconf 89' lang='lat' dir='ltr'>pallium,</span> 
     </span>
     <span class='ocr_line' id='line_1_9' title="bbox 149 1080 969 1165; baseline 0 -21"><span class='ocrx_word' id='word_1_47' title='bbox 149 1080 372 1165; x_wconf 87' lang='lat' dir='ltr'>Marsuppium</span> <span class='ocrx_word' id='word_1_48' title='bbox 396 1081 531 1146; x_wconf 86' lang='lat' dir='ltr'>habeat:</span> <span class='ocrx_word' id='word_1_49' title='bbox 557 1081 635 1145; x_wconf 92' lang='lat' dir='ltr'>inibi</span> <span class='ocrx_word' id='word_1_50' title='bbox 658 1082 790 1165; x_wconf 88' lang='lat' dir='ltr'>paulum</span> <span class='ocrx_word' id='word_1_51' title='bbox 814 1081 969 1165; x_wconf 76' lang='lat' dir='ltr'>praesidi,</span> 
     </span>
    </p>

    <p class='ocr_par' dir='ltr' id='par_1_5' title="bbox 154 1185 998 1263">
     <span class='ocr_line' id='line_1_10' title="bbox 154 1185 998 1263; baseline -0.007 -11"><span class='ocrx_word' id='word_1_52' title='bbox 154 1185 217 1263; x_wconf 82' lang='lat' dir='ltr'>Qui</span> <span class='ocrx_word' id='word_1_53' title='bbox 249 1186 443 1253; x_wconf 87' lang='lat' dir='ltr'>familiarem</span> <span class='ocrx_word' id='word_1_54' title='bbox 469 1208 560 1252; x_wconf 90' lang='lat' dir='ltr'>suam</span> <span class='ocrx_word' id='word_1_55' title='bbox 583 1187 683 1251; x_wconf 82' lang='lat' dir='ltr'>vitam</span> <span class='ocrx_word' id='word_1_56' title='bbox 708 1187 849 1253; x_wconf 87' lang='lat' dir='ltr'>oblectet</span> <span class='ocrx_word' id='word_1_57' title='bbox 872 1188 998 1253; x_wconf 77' lang='lat' dir='ltr'>modo«</span> 
     </span>
    </p>
   </div>
   <div class='ocr_carea' id='block_1_4' title="bbox 11 1298 1186 1929">
    <p class='ocr_par' dir='ltr' id='par_1_6' title="bbox 11 1298 1185 1398">
     <span class='ocr_line' id='line_1_11' title="bbox 11 1298 1185 1398; baseline 0.001 -22"><span class='ocrx_word' id='word_1_58' title='bbox 11 1298 24 1329; x_wconf 65' lang='lat'>&#39;⁵</span> <span class='ocrx_word' id='word_1_59' title='bbox 130 1312 187 1377; x_wconf 90' lang='lat' dir='ltr'>His</span> <span class='ocrx_word' id='word_1_60' title='bbox 215 1314 312 1378; x_wconf 89' lang='lat' dir='ltr'>rebus</span> <span class='ocrx_word' id='word_1_61' title='bbox 340 1313 515 1378; x_wconf 91' lang='lat' dir='ltr'>instructus</span> <span class='ocrx_word' id='word_1_62' title='bbox 544 1312 709 1398; x_wconf 89' lang='lat' dir='ltr'>parasitus</span> <span class='ocrx_word' id='word_1_63' title='bbox 732 1311 883 1377; x_wconf 85' lang='lat' dir='ltr'>incedere</span> <span class='ocrx_word' id='word_1_64' title='bbox 907 1312 1044 1377; x_wconf 88' lang='lat' dir='ltr'>solebat.</span> <span class='ocrx_word' id='word_1_65' title='bbox 1091 1311 1185 1378; x_wconf 86' lang='lat' dir='ltr'>Adde</span> 
     </span>
    </p>

    <p class='ocr_par' dir='ltr' id='par_1_7' title="bbox 11 1398 1185 1504">
     <span class='ocr_line' id='line_1_12' title="bbox 11 1398 1185 1504; baseline 0.005 -28"><span class='ocrx_word' id='word_1_66' title='bbox 11 1398 37 1437; x_wconf 65' lang='lat'>&#39;⁵³</span> <span class='ocrx_word' id='word_1_67' title='bbox 78 1412 143 1482; x_wconf 91' lang='lat' dir='ltr'>Poll.</span> <span class='ocrx_word' id='word_1_68' title='bbox 157 1419 212 1504; x_wconf 90' lang='lat' dir='ltr'>IV,</span> <span class='ocrx_word' id='word_1_69' title='bbox 230 1421 308 1486; x_wconf 79' lang='lat'>120:</span> <span class='ocrx_word' id='word_1_70' title='bbox 334 1416 427 1492; x_wconf 74' lang='grc' dir='ltr'><strong>»Τοῖς</strong></span> <span class='ocrx_word' id='word_1_71' title='bbox 446 1422 477 1484; x_wconf 82' lang='grc' dir='ltr'>δὲ</span> <span class='ocrx_word' id='word_1_72' title='bbox 495 1426 712 1504; x_wconf 78' lang='grc' dir='ltr'>παρασίτοις</span> <span class='ocrx_word' id='word_1_73' title='bbox 730 1425 866 1504; x_wconf 80' lang='grc' dir='ltr'>πρόσεστι</span> <span class='ocrx_word' id='word_1_74' title='bbox 885 1424 937 1483; x_wconf 80' lang='grc' dir='ltr'>καὶ</span> <span class='ocrx_word' id='word_1_75' title='bbox 953 1422 1185 1500; x_wconf 75' lang='grc' dir='ltr'>στλεγγὶςκαὶ</span> 
     </span>
    </p>

    <p class='ocr_par' dir='ltr' id='par_1_8' title="bbox 30 1520 1186 1929">
     <span class='ocr_line' id='line_1_13' title="bbox 30 1520 1182 1611; baseline 0.006 -28"><span class='ocrx_word' id='word_1_76' title='bbox 30 1522 33 1527; x_wconf 82' lang='grc'><strong>’</strong></span> <span class='ocrx_word' id='word_1_77' title='bbox 75 1520 236 1609; x_wconf 76' lang='grc' dir='ltr'><strong>λήκυθος,</strong></span> <span class='ocrx_word' id='word_1_78' title='bbox 252 1525 295 1598; x_wconf 81' lang='grc' dir='ltr'>ὡς</span> <span class='ocrx_word' id='word_1_79' title='bbox 309 1536 371 1598; x_wconf 82' lang='grc' dir='ltr'><strong>τοῖς</strong></span> <span class='ocrx_word' id='word_1_80' title='bbox 385 1524 537 1611; x_wconf 76' lang='grc' dir='ltr'><strong>ἀγροίκοις</strong></span> <span class='ocrx_word' id='word_1_81' title='bbox 552 1528 757 1609; x_wconf 74' lang='grc' dir='ltr'>λαγωβόλσν.«</span> <span class='ocrx_word' id='word_1_82' title='bbox 802 1525 962 1593; x_wconf 81' lang='lat' dir='ltr'>Of.etiam</span> <span class='ocrx_word' id='word_1_83' title='bbox 979 1526 1182 1592; x_wconf 88' lang='lat' dir='ltr'>Wieseler:</span> 
     </span>
     <span class='ocr_line' id='line_1_14' title="bbox 72 1624 1183 1714; baseline 0.006 -25"><span class='ocrx_word' id='word_1_84' title='bbox 72 1624 353 1714; x_wconf 74' lang='lat' dir='ltr'>Theatergebdude</span> <span class='ocrx_word' id='word_1_85' title='bbox 390 1635 456 1698; x_wconf 89' lang='lat' dir='ltr'>und</span> <span class='ocrx_word' id='word_1_86' title='bbox 493 1633 692 1699; x_wconf 73' lang='lat' dir='ltr'>Denkmaler</span> <span class='ocrx_word' id='word_1_87' title='bbox 734 1632 793 1698; x_wconf 89' lang='lat' dir='ltr'>des</span> <span class='ocrx_word' id='word_1_88' title='bbox 829 1632 1093 1699; x_wconf 82' lang='lat' dir='ltr'>Buhneuwesens</span> <span class='ocrx_word' id='word_1_89' title='bbox 1131 1635 1183 1699; x_wconf 90' lang='lat' dir='ltr'>bei</span> 
     </span>
     <span class='ocr_line' id='line_1_15' title="bbox 68 1722 1186 1824; baseline 0.009 -30"><span class='ocrx_word' id='word_1_90' title='bbox 68 1722 133 1800; x_wconf 83' lang='lat' dir='ltr'>don</span> <span class='ocrx_word' id='word_1_91' title='bbox 163 1738 321 1804; x_wconf 81' lang='lat' dir='ltr'>Grieolren</span> <span class='ocrx_word' id='word_1_92' title='bbox 360 1739 424 1802; x_wconf 93' lang='lat' dir='ltr'>und</span> <span class='ocrx_word' id='word_1_93' title='bbox 462 1741 609 1807; x_wconf 74' lang='lat' dir='ltr'>Romern.</span> <span class='ocrx_word' id='word_1_94' title='bbox 667 1739 842 1821; x_wconf 81' lang='lat' dir='ltr'>Gottingen</span> <span class='ocrx_word' id='word_1_95' title='bbox 878 1741 976 1823; x_wconf 78' lang='lat'>1851,</span> <span class='ocrx_word' id='word_1_96' title='bbox 1014 1761 1044 1824; x_wconf 92' lang='lat' dir='ltr'>p.</span> <span class='ocrx_word' id='word_1_97' title='bbox 1073 1744 1117 1808; x_wconf 77' lang='lat' dir='ltr'>lc</span> <span class='ocrx_word' id='word_1_98' title='bbox 1153 1749 1186 1805; x_wconf 89' lang='lat' dir='ltr'>et</span> 
     </span>
     <span class='ocr_line' id='line_1_16' title="bbox 66 1841 942 1929; baseline 0.007 -23"><span class='ocrx_word' id='word_1_99' title='bbox 66 1841 287 1923; x_wconf 79' lang='lat' dir='ltr'>Agiuoourt:</span> <span class='ocrx_word' id='word_1_100' title='bbox 312 1845 455 1911; x_wconf 79' lang='lat' dir='ltr'>Histoire</span> <span class='ocrx_word' id='word_1_101' title='bbox 480 1845 589 1912; x_wconf 89' lang='lat' dir='ltr'>d’arts.</span> <span class='ocrx_word' id='word_1_102' title='bbox 637 1846 728 1912; x_wconf 87' lang='lat' dir='ltr'>Tom.</span> <span class='ocrx_word' id='word_1_103' title='bbox 753 1846 810 1924; x_wconf 80' lang='grc' dir='ltr'>ΙΙΙ,</span> <span class='ocrx_word' id='word_1_104' title='bbox 835 1866 865 1929; x_wconf 89' lang='lat' dir='ltr'>p.</span> <span class='ocrx_word' id='word_1_105' title='bbox 888 1849 942 1912; x_wconf 86' lang='grc'>44.</span> 
     </span>
    </p>
   </div>
   <div class='ocr_carea' id='block_1_5' title="bbox 49 1968 1186 3423">
    <p class='ocr_par' dir='ltr' id='par_1_9' title="bbox 49 1968 1186 3423">
     <span class='ocr_line' id='line_1_17' title="bbox 133 1968 1184 2054; baseline 0.003 -24"><span class='ocrx_word' id='word_1_106' title='bbox 133 1968 395 2034; x_wconf 87' lang='lat' dir='ltr'>Parasitorum</span> <span class='ocrx_word' id='word_1_107' title='bbox 419 1969 517 2052; x_wconf 91' lang='lat' dir='ltr'>igitur</span> <span class='ocrx_word' id='word_1_108' title='bbox 539 1971 705 2034; x_wconf 89' lang='lat' dir='ltr'>vestitus</span> <span class='ocrx_word' id='word_1_109' title='bbox 730 1968 804 2033; x_wconf 82' lang='lat' dir='ltr'>fuit</span> <span class='ocrx_word' id='word_1_110' title='bbox 826 1988 889 2033; x_wconf 93' lang='lat' dir='ltr'>non</span> <span class='ocrx_word' id='word_1_111' title='bbox 914 1970 960 2033; x_wconf 88' lang='lat' dir='ltr'>ita</span> <span class='ocrx_word' id='word_1_112' title='bbox 984 1968 1184 2054; x_wconf 88' lang='lat' dir='ltr'>magnificus,</span> 
     </span>
     <span class='ocr_line' id='line_1_18' title="bbox 65 2070 1183 2162; baseline 0.008 -30"><span class='ocrx_word' id='word_1_113' title='bbox 65 2070 128 2135; x_wconf 90' lang='lat' dir='ltr'>scd</span> <span class='ocrx_word' id='word_1_114' title='bbox 140 2076 467 2162; x_wconf 89' lang='lat' dir='ltr'>simplicissimus,</span> <span class='ocrx_word' id='word_1_115' title='bbox 487 2083 521 2140; x_wconf 92' lang='lat' dir='ltr'>ut</span> <span class='ocrx_word' id='word_1_116' title='bbox 536 2076 632 2142; x_wconf 88' lang='lat' dir='ltr'>etiam</span> <span class='ocrx_word' id='word_1_117' title='bbox 649 2076 760 2157; x_wconf 85' lang='lat' dir='ltr'>colligi</span> <span class='ocrx_word' id='word_1_118' title='bbox 775 2083 883 2161; x_wconf 88' lang='lat' dir='ltr'>potest</span> <span class='ocrx_word' id='word_1_119' title='bbox 902 2096 944 2140; x_wconf 81' lang='lat' dir='ltr'>ex</span> <span class='ocrx_word' id='word_1_120' title='bbox 958 2077 989 2143; x_wconf 90' lang='lat' dir='ltr'>N</span> <span class='ocrx_word' id='word_1_121' title='bbox 995 2082 1041 2140; x_wconf 89' lang='lat' dir='ltr'>ot.</span> <span class='ocrx_word' id='word_1_122' title='bbox 1056 2076 1183 2141; x_wconf 78' lang='lat' dir='ltr'>Tiron.</span> 
     </span>
     <span class='ocr_line' id='line_1_19' title="bbox 66 2179 1183 2268; baseline 0.01 -33"><span class='ocrx_word' id='word_1_123' title='bbox 66 2185 101 2236; x_wconf 87' lang='lat' dir='ltr'>et</span> <span class='ocrx_word' id='word_1_124' title='bbox 129 2179 194 2250; x_wconf 87' lang='lat' dir='ltr'>Seu.</span> <span class='ocrx_word' id='word_1_125' title='bbox 222 2204 255 2268; x_wconf 90' lang='lat' dir='ltr'>p.</span> <span class='ocrx_word' id='word_1_126' title='bbox 288 2186 365 2249; x_wconf 80' lang='lat'>161:</span> <span class='ocrx_word' id='word_1_127' title='bbox 403 2183 530 2261; x_wconf 81' lang='lat' dir='ltr'>›Perio,</span> <span class='ocrx_word' id='word_1_128' title='bbox 565 2183 848 2266; x_wconf 90' lang='lat' dir='ltr'>tragitipinum‚</span> <span class='ocrx_word' id='word_1_129' title='bbox 878 2183 993 2247; x_wconf 77' lang='lat' dir='ltr'>lisola«</span> <span class='ocrx_word' id='word_1_130' title='bbox 1032 2182 1062 2265; x_wconf 90' lang='lat' dir='ltr'>[l.</span> <span class='ocrx_word' id='word_1_131' title='bbox 1096 2203 1183 2266; x_wconf 77' lang='lat' dir='ltr'>pero,</span> 
     </span>
     <span class='ocr_line' id='line_1_20' title="bbox 66 2285 1185 2374; baseline 0.007 -27"><span class='ocrx_word' id='word_1_132' title='bbox 66 2285 366 2374; x_wconf 74' lang='lat' dir='ltr'>trechedipnum</span> <span class='ocrx_word' id='word_1_133' title='bbox 398 2289 517 2374; x_wconf 88' lang='lat' dir='ltr'>ligula;</span> <span class='ocrx_word' id='word_1_134' title='bbox 551 2288 720 2354; x_wconf 83' lang='lat' dir='ltr'>Schmi-tz</span> <span class='ocrx_word' id='word_1_135' title='bbox 752 2288 811 2353; x_wconf 89' lang='lat' dir='ltr'>Rh.</span> <span class='ocrx_word' id='word_1_136' title='bbox 840 2289 921 2354; x_wconf 90' lang='lat' dir='ltr'>Mus.</span> <span class='ocrx_word' id='word_1_137' title='bbox 950 2288 1068 2366; x_wconf 87' lang='lat' dir='ltr'>XVlll,</span> <span class='ocrx_word' id='word_1_138' title='bbox 1099 2289 1185 2373; x_wconf 70' lang='lat' dir='ltr'>llcl.</span> 
     </span>
     <span class='ocr_line' id='line_1_21' title="bbox 66 2381 1184 2482; baseline 0.004 -27"><span class='ocrx_word' id='word_1_139' title='bbox 66 2381 109 2451; x_wconf 81' lang='lat' dir='ltr'>Et</span> <span class='ocrx_word' id='word_1_140' title='bbox 127 2390 183 2461; x_wconf 85' lang='lat' dir='ltr'>fuit</span> <span class='ocrx_word' id='word_1_141' title='bbox 201 2398 367 2482; x_wconf 89' lang='lat' dir='ltr'>parasitus</span> <span class='ocrx_word' id='word_1_142' title='bbox 386 2416 474 2462; x_wconf 92' lang='lat' dir='ltr'>more</span> <span class='ocrx_word' id='word_1_143' title='bbox 498 2396 627 2481; x_wconf 89' lang='lat' dir='ltr'>cynici</span> <span class='ocrx_word' id='word_1_144' title='bbox 646 2396 820 2461; x_wconf 87' lang='lat' dir='ltr'>instructus</span> <span class='ocrx_word' id='word_1_145' title='bbox 841 2395 958 2477; x_wconf 89' lang='lat' dir='ltr'>strigili</span> <span class='ocrx_word' id='word_1_146' title='bbox 979 2401 1010 2461; x_wconf 91' lang='lat' dir='ltr'>et</span> <span class='ocrx_word' id='word_1_147' title='bbox 1029 2394 1184 2480; x_wconf 86' lang='lat' dir='ltr'>ampulla,</span> 
     </span>
     <span class='ocr_line' id='line_1_22' title="bbox 65 2499 1185 2588; baseline 0.003 -25"><span class='ocrx_word' id='word_1_148' title='bbox 65 2499 106 2554; x_wconf 68' lang='grc' dir='ltr'>Μ</span> <span class='ocrx_word' id='word_1_149' title='bbox 126 2502 304 2570; x_wconf 82' lang='lat' dir='ltr'>athletos.</span> <span class='ocrx_word' id='word_1_150' title='bbox 350 2504 419 2569; x_wconf 90' lang='lat' dir='ltr'>Hoc</span> <span class='ocrx_word' id='word_1_151' title='bbox 448 2504 568 2588; x_wconf 90' lang='lat' dir='ltr'>optime</span> <span class='ocrx_word' id='word_1_152' title='bbox 596 2502 736 2587; x_wconf 86' lang='lat' dir='ltr'>quadrat</span> <span class='ocrx_word' id='word_1_153' title='bbox 758 2502 802 2567; x_wconf 87' lang='lat' dir='ltr'>ad</span> <span class='ocrx_word' id='word_1_154' title='bbox 825 2522 922 2569; x_wconf 89' lang='lat' dir='ltr'>voces</span> <span class='ocrx_word' id='word_1_155' title='bbox 947 2503 1185 2569; x_wconf 87' lang='lat' dir='ltr'>ceromatico</span> 
     </span>
     <span class='ocr_line' id='line_1_23' title="bbox 65 2600 1184 2695; baseline 0.004 -26"><span class='ocrx_word' id='word_1_156' title='bbox 65 2600 98 2657; x_wconf 65' lang='lat' dir='ltr'>et</span> <span class='ocrx_word' id='word_1_157' title='bbox 118 2609 322 2676; x_wconf 87' lang='lat' dir='ltr'>niceteria.</span> <span class='ocrx_word' id='word_1_158' title='bbox 370 2608 572 2693; x_wconf 80' lang='lat' dir='ltr'>Quamquam</span> <span class='ocrx_word' id='word_1_159' title='bbox 600 2630 663 2675; x_wconf 92' lang='lat' dir='ltr'>uon</span> <span class='ocrx_word' id='word_1_160' title='bbox 691 2618 800 2695; x_wconf 84' lang='lat' dir='ltr'>potest</span> <span class='ocrx_word' id='word_1_161' title='bbox 823 2609 937 2692; x_wconf 88' lang='lat' dir='ltr'>negari</span> <span class='ocrx_word' id='word_1_162' title='bbox 960 2609 1057 2675; x_wconf 87' lang='lat' dir='ltr'>talem</span> <span class='ocrx_word' id='word_1_163' title='bbox 1081 2617 1184 2674; x_wconf 88' lang='lat' dir='ltr'>trans·</span> 
     </span>
     <span class='ocr_line' id='line_1_24' title="bbox 61 2694 1184 2800; baseline 0.016 -39"><span class='ocrx_word' id='word_1_164' title='bbox 61 2694 212 2783; x_wconf 84' lang='lat' dir='ltr'>lationem</span> <span class='ocrx_word' id='word_1_165' title='bbox 259 2718 307 2782; x_wconf 88' lang='lat' dir='ltr'>ab</span> <span class='ocrx_word' id='word_1_166' title='bbox 354 2715 505 2781; x_wconf 85' lang='lat' dir='ltr'>athleta</span> <span class='ocrx_word' id='word_1_167' title='bbox 552 2716 599 2781; x_wconf 92' lang='lat' dir='ltr'>ad</span> <span class='ocrx_word' id='word_1_168' title='bbox 646 2718 867 2800; x_wconf 87' lang='lat' dir='ltr'>parasitum</span> <span class='ocrx_word' id='word_1_169' title='bbox 912 2716 1032 2781; x_wconf 86' lang='lat' dir='ltr'>factam</span> <span class='ocrx_word' id='word_1_170' title='bbox 1075 2716 1184 2780; x_wconf 89' lang='lat' dir='ltr'>insoli-</span> 
     </span>
     <span class='ocr_line' id='line_1_25' title="bbox 58 2806 1183 2906; baseline -0.004 -16"><span class='ocrx_word' id='word_1_171' title='bbox 58 2806 126 2878; x_wconf 70' lang='lat'><strong>¹⁸¹¹1</strong></span> <span class='ocrx_word' id='word_1_172' title='bbox 162 2844 234 2890; x_wconf 87' lang='lat' dir='ltr'>esse</span> <span class='ocrx_word' id='word_1_173' title='bbox 263 2831 295 2889; x_wconf 91' lang='lat' dir='ltr'>et</span> <span class='ocrx_word' id='word_1_174' title='bbox 325 2823 466 2888; x_wconf 81' lang='lat' dir='ltr'>maxime</span> <span class='ocrx_word' id='word_1_175' title='bbox 499 2822 629 2887; x_wconf 88' lang='lat' dir='ltr'>dubiam</span> <span class='ocrx_word' id='word_1_176' title='bbox 661 2861 706 2870; x_wconf 98' lang='lat'><em>-</em></span> <span class='ocrx_word' id='word_1_177' title='bbox 739 2824 792 2906; x_wconf 91' lang='lat' dir='ltr'>qui</span> <span class='ocrx_word' id='word_1_178' title='bbox 826 2823 989 2889; x_wconf 86' lang='lat' dir='ltr'>Iuvenalis</span> <span class='ocrx_word' id='word_1_179' title='bbox 1018 2822 1082 2887; x_wconf 90' lang='lat' dir='ltr'>loci</span> <span class='ocrx_word' id='word_1_180' title='bbox 1111 2841 1183 2886; x_wconf 89' lang='lat' dir='ltr'>con·</span> 
     </span>
     <span class='ocr_line' id='line_1_26' title="bbox 57 2912 1185 3015; baseline -0.001 -21"><span class='ocrx_word' id='word_1_181' title='bbox 57 2912 185 2994; x_wconf 75' lang='lat' dir='ltr'>textum</span> <span class='ocrx_word' id='word_1_182' title='bbox 208 2930 419 3015; x_wconf 87' lang='lat' dir='ltr'>spectaverit,</span> <span class='ocrx_word' id='word_1_183' title='bbox 452 2930 551 2994; x_wconf 84' lang='lat' dir='ltr'>facile</span> <span class='ocrx_word' id='word_1_184' title='bbox 584 2930 747 2996; x_wconf 84' lang='lat' dir='ltr'>existimet</span> <span class='ocrx_word' id='word_1_185' title='bbox 774 2930 999 2995; x_wconf 82' lang='lat' dir='ltr'>vestimentum</span> <span class='ocrx_word' id='word_1_186' title='bbox 1033 2929 1185 2994; x_wconf 85' lang='lat' dir='ltr'>treche-</span> 
     </span>
     <span class='ocr_line' id='line_1_27' title="bbox 55 3008 1186 3122; baseline -0.003 -21"><span class='ocrx_word' id='word_1_187' title='bbox 55 3008 178 3108; x_wconf 69' lang='lat' dir='ltr'>diInsa</span> <span class='ocrx_word' id='word_1_188' title='bbox 202 3037 245 3102; x_wconf 90' lang='lat' dir='ltr'>ad</span> <span class='ocrx_word' id='word_1_189' title='bbox 265 3036 392 3101; x_wconf 86' lang='lat' dir='ltr'>luxum</span> <span class='ocrx_word' id='word_1_190' title='bbox 412 3056 485 3102; x_wconf 88' lang='lat' dir='ltr'>esse</span> <span class='ocrx_word' id='word_1_191' title='bbox 504 3036 707 3102; x_wconf 87' lang='lat' dir='ltr'>referendum</span> <span class='ocrx_word' id='word_1_192' title='bbox 722 3076 775 3120; x_wconf 89' lang='lat'>-,</span> <span class='ocrx_word' id='word_1_193' title='bbox 794 3046 902 3102; x_wconf 92' lang='lat' dir='ltr'>tamen</span> <span class='ocrx_word' id='word_1_194' title='bbox 922 3034 992 3101; x_wconf 87' lang='lat' dir='ltr'>fieri</span> <span class='ocrx_word' id='word_1_195' title='bbox 1012 3037 1126 3122; x_wconf 85' lang='lat' dir='ltr'>potuit,</span> <span class='ocrx_word' id='word_1_196' title='bbox 1152 3043 1186 3100; x_wconf 91' lang='lat' dir='ltr'>ut</span> 
     </span>
     <span class='ocr_line' id='line_1_28' title="bbox 52 3132 1186 3227; baseline -0.001 -20"><span class='ocrx_word' id='word_1_197' title='bbox 52 3132 153 3207; x_wconf 53' lang='lat'><strong>*⁰01⁸</strong></span> <span class='ocrx_word' id='word_1_198' title='bbox 177 3143 324 3209; x_wconf 82' lang='lat' dir='ltr'>Graecae</span> <span class='ocrx_word' id='word_1_199' title='bbox 352 3143 441 3208; x_wconf 92' lang='lat' dir='ltr'>notio</span> <span class='ocrx_word' id='word_1_200' title='bbox 469 3142 557 3227; x_wconf 90' lang='lat' dir='ltr'>apud</span> <span class='ocrx_word' id='word_1_201' title='bbox 587 3146 749 3209; x_wconf 84' lang='lat' dir='ltr'>Romanos</span> <span class='ocrx_word' id='word_1_202' title='bbox 782 3143 843 3207; x_wconf 88' lang='lat' dir='ltr'>hoc</span> <span class='ocrx_word' id='word_1_203' title='bbox 877 3142 972 3207; x_wconf 91' lang='lat' dir='ltr'>modo</span> <span class='ocrx_word' id='word_1_204' title='bbox 1001 3151 1186 3226; x_wconf 86' lang='lat' dir='ltr'>mutaretur,</span> 
     </span>
     <span class='ocr_line' id='line_1_29' title="bbox 51 3226 1185 3336; baseline 0.003 -25"><span class='ocrx_word' id='word_1_205' title='bbox 51 3226 107 3311; x_wconf 53' lang='grc' dir='ltr'>ΙΙ.</span> <span class='ocrx_word' id='word_1_206' title='bbox 122 3244 295 3336; x_wconf 79' lang='grc' dir='ltr'>ἐνδρομὶς</span> <span class='ocrx_word' id='word_1_207' title='bbox 319 3250 608 3315; x_wconf 89' lang='lat' dir='ltr'>calceamentorum</span> <span class='ocrx_word' id='word_1_208' title='bbox 629 3270 731 3333; x_wconf 90' lang='lat' dir='ltr'>genus</span> <span class='ocrx_word' id='word_1_209' title='bbox 751 3247 914 3333; x_wconf 87' lang='lat' dir='ltr'>quoddam</span> <span class='ocrx_word' id='word_1_210' title='bbox 939 3259 972 3314; x_wconf 93' lang='lat' dir='ltr'>et</span> <span class='ocrx_word' id='word_1_211' title='bbox 991 3249 1185 3315; x_wconf 91' lang='lat' dir='ltr'>endromis</span> 
     </span>
     <span class='ocr_line' id='line_1_30' title="bbox 49 3344 642 3423; baseline 0.005 -3"><span class='ocrx_word' id='word_1_212' title='bbox 49 3344 236 3421; x_wconf 70' lang='lat' dir='ltr'>auliculum</span> <span class='ocrx_word' id='word_1_213' title='bbox 260 3376 404 3422; x_wconf 86' lang='lat' dir='ltr'>crassum</span> <span class='ocrx_word' id='word_1_214' title='bbox 430 3365 462 3420; x_wconf 89' lang='lat' dir='ltr'>et</span> <span class='ocrx_word' id='word_1_215' title='bbox 485 3357 642 3423; x_wconf 86' lang='lat' dir='ltr'>villosum.</span> 
     </span>
    </p>
   </div>
   <div class='ocr_carea' id='block_1_6' title="bbox 481 3568 766 3652">
    <p class='ocr_par' dir='ltr' id='par_1_10' title="bbox 481 3568 766 3652">
     <span class='ocr_line' id='line_1_31' title="bbox 481 3568 766 3652; baseline -0.004 -19"><span class='ocrx_word' id='word_1_216' title='bbox 481 3570 594 3652; x_wconf 75' lang='lat' dir='ltr'>Baptae</span> <span class='ocrx_word' id='word_1_217' title='bbox 619 3568 766 3652; x_wconf 66' lang='lat' dir='ltr'>[Bautarl.</span> 
     </span>
    </p>
   </div>
   <div class='ocr_carea' id='block_1_7' title="bbox 130 3709 1094 3903">
    <p class='ocr_par' dir='ltr' id='par_1_11' title="bbox 130 3709 1094 3903">
     <span class='ocr_line' id='line_1_32' title="bbox 130 3709 971 3795; baseline 0.005 -23"><span class='ocrx_word' id='word_1_218' title='bbox 130 3709 170 3795; x_wconf 93' lang='lat' dir='ltr'>Il,</span> <span class='ocrx_word' id='word_1_219' title='bbox 189 3713 248 3777; x_wconf 78' lang='lat'>92:</span> <span class='ocrx_word' id='word_1_220' title='bbox 276 3709 391 3775; x_wconf 80' lang='lat' dir='ltr'>»Talia</span> <span class='ocrx_word' id='word_1_221' title='bbox 416 3718 542 3776; x_wconf 85' lang='lat' dir='ltr'>secreta</span> <span class='ocrx_word' id='word_1_222' title='bbox 565 3712 731 3776; x_wconf 88' lang='lat' dir='ltr'>coluerunt</span> <span class='ocrx_word' id='word_1_223' title='bbox 757 3712 850 3794; x_wconf 88' lang='lat' dir='ltr'>orgia</span> <span class='ocrx_word' id='word_1_224' title='bbox 873 3710 971 3776; x_wconf 89' lang='lat' dir='ltr'>taeda</span> 
     </span>
     <span class='ocr_line' id='line_1_33' title="bbox 276 3815 1094 3903; baseline -0.006 -22"><span class='ocrx_word' id='word_1_225' title='bbox 276 3815 465 3903; x_wconf 79' lang='lat' dir='ltr'>Cecropiam</span> <span class='ocrx_word' id='word_1_226' title='bbox 489 3817 576 3882; x_wconf 91' lang='lat' dir='ltr'>soliti</span> <span class='ocrx_word' id='word_1_227' title='bbox 600 3818 749 3903; x_wconf 89' lang='lat' dir='ltr'>Baptae</span> <span class='ocrx_word' id='word_1_228' title='bbox 773 3817 899 3884; x_wconf 88' lang='lat' dir='ltr'>lassare</span> <span class='ocrx_word' id='word_1_229' title='bbox 923 3817 1094 3902; x_wconf 75' lang='lat' dir='ltr'>Cotyton«</span> 
     </span>
    </p>
   </div>
   <div class='ocr_carea' id='block_1_8' title="bbox 44 3938 1187 4239">
    <p class='ocr_par' dir='ltr' id='par_1_12' title="bbox 44 3938 1187 4239">
     <span class='ocr_line' id='line_1_34' title="bbox 132 3938 1187 4025; baseline -0.001 -20"><span class='ocrx_word' id='word_1_230' title='bbox 132 3939 255 4008; x_wconf 85' lang='lat' dir='ltr'>Schol.</span> <span class='ocrx_word' id='word_1_231' title='bbox 284 3939 381 4005; x_wconf 87' lang='lat' dir='ltr'>adh.</span> <span class='ocrx_word' id='word_1_232' title='bbox 407 3940 442 4008; x_wconf 93' lang='lat' dir='ltr'>l.:</span> <span class='ocrx_word' id='word_1_233' title='bbox 477 3940 646 4025; x_wconf 81' lang='lat' dir='ltr'>»Baptae</span> <span class='ocrx_word' id='word_1_234' title='bbox 676 3940 788 4006; x_wconf 91' lang='lat' dir='ltr'>titulus</span> <span class='ocrx_word' id='word_1_235' title='bbox 816 3941 905 4020; x_wconf 88' lang='lat' dir='ltr'>libri,</span> <span class='ocrx_word' id='word_1_236' title='bbox 938 3960 1002 4024; x_wconf 90' lang='lat' dir='ltr'>quo</span> <span class='ocrx_word' id='word_1_237' title='bbox 1032 3938 1187 4024; x_wconf 90' lang='lat' dir='ltr'>impudici</span> 
     </span>
     <span class='ocr_line' id='line_1_35' title="bbox 45 4014 1187 4132; baseline 0.003 -25"><span class='ocrx_word' id='word_1_238' title='bbox 45 4014 287 4113; x_wconf 61' lang='lat' dir='ltr'>describuntur</span> <span class='ocrx_word' id='word_1_239' title='bbox 310 4049 352 4113; x_wconf 88' lang='lat' dir='ltr'>ab</span> <span class='ocrx_word' id='word_1_240' title='bbox 371 4047 578 4132; x_wconf 81' lang='lat' dir='ltr'>Eupolide,</span> <span class='ocrx_word' id='word_1_241' title='bbox 603 4047 659 4131; x_wconf 89' lang='lat' dir='ltr'>qui</span> <span class='ocrx_word' id='word_1_242' title='bbox 680 4046 802 4112; x_wconf 85' lang='lat' dir='ltr'>inducit</span> <span class='ocrx_word' id='word_1_243' title='bbox 813 4049 899 4113; x_wconf 88' lang='lat' dir='ltr'>viros</span> <span class='ocrx_word' id='word_1_244' title='bbox 915 4046 957 4111; x_wconf 90' lang='lat' dir='ltr'>ad</span> <span class='ocrx_word' id='word_1_245' title='bbox 973 4047 1187 4111; x_wconf 85' lang='lat' dir='ltr'>imitationem</span> 
     </span>
     <span class='ocr_line' id='line_1_36' title="bbox 44 4122 1186 4239; baseline -0.001 -22"><span class='ocrx_word' id='word_1_246' title='bbox 44 4122 252 4221; x_wconf 61' lang='lat' dir='ltr'>fssminarum</span> <span class='ocrx_word' id='word_1_247' title='bbox 285 4153 452 4221; x_wconf 87' lang='lat' dir='ltr'>saltantes.</span> <span class='ocrx_word' id='word_1_248' title='bbox 513 4153 664 4239; x_wconf 87' lang='lat' dir='ltr'>Baptae</span> <span class='ocrx_word' id='word_1_249' title='bbox 696 4162 804 4219; x_wconf 89' lang='lat' dir='ltr'>autem</span> <span class='ocrx_word' id='word_1_250' title='bbox 836 4153 963 4230; x_wconf 81' lang='lat' dir='ltr'>molles3</span> <span class='ocrx_word' id='word_1_251' title='bbox 997 4173 1060 4236; x_wconf 91' lang='lat' dir='ltr'>quo</span> <span class='ocrx_word' id='word_1_252' title='bbox 1093 4152 1186 4218; x_wconf 93' lang='lat' dir='ltr'>titulo</span> 
     </span>
    </p>
   </div>
   <div class='ocr_carea' id='block_1_9' title="bbox 0 0 1418 5002">
    <p class='ocr_par' dir='ltr' id='par_1_13' title="bbox 0 0 1418 5002">
     <span class='ocr_line' id='line_1_37' title="bbox 0 0 1418 5002; baseline 0 3"><span class='ocrx_word' id='word_1_253' title='bbox 0 0 1418 5002; x_wconf 95' lang='lat' dir='ltr'> </span> 
     </span>
    </p>
   </div>
  </div>
 </body>
</html>
