2828 5002
333 99 439 180 Atque
465 96 562 163 ctiam
585 97 618 162 iu

459 254 485 323 β)
505 260 598 312 artes
617 260 650 312 et
668 258 860 313 scaenicam
879 260 912 312 et
931 256 1196 327 gymnasticam,

268 381 351 445 quae
378 363 461 428 inter
493 383 530 431 se
564 363 725 430 artissime
758 363 948 431 coniunctae
981 370 1068 449 sunt,
1103 369 1169 429 turn
1203 361 1367 430 Graeculi

267 468 469 557 potissimum
487 469 722 539 incumbebant.
759 471 829 536 Hoc
852 469 980 538 nomine
999 470 1087 555 apud
1106 469 1291 537 Iuvenalem
1311 489 1364 555 per·

268 560 466 659 stringuntur
503 576 645 644 artifices
679 586 710 644 ot
744 578 884 645 scaenici
917 583 950 643 et
981 577 1178 661 gymnastici
1211 584 1305 660 atque
1331 576 1365 639 in·
1405 642 1408 663 ἱ

269 688 446 749 strumenta
492 691 734 768 apparatusque
780 684 949 750 scaenicus
996 691 1028 749 et
1069 684 1301 768 gymnasticus‚
1337 679 1365 748 cl.
1402 766 1406 779 Ι

266 812 298 875 p.
323 793 364 857 67
395 810 442 872 sq.
474 812 503 866 α,
532 793 567 856 δδ
599 797 631 856 et
663 812 695 876 p.
727 794 778 876 78,
806 790 828 855 d
859 798 891 856 et
919 810 947 856 e.
994 791 1116 856 Poetae
1148 789 1317 875 populares
1342 788 1365 852 in
1401 824 1405 877 3

267 897 363 965 rebus
396 896 555 964 scaenicis
586 897 685 983 plane
722 919 763 964 ex
794 897 929 963 Graecis
965 897 1108 983 pendere
1145 917 1239 962 necno
1276 897 1365 962 nescit.
1408 982 1410 987 Ι

268 1004 318 1070 De
356 1009 426 1068 arte
459 1004 562 1069 altera
598 1004 679 1070 baec
716 1002 855 1070 dicenda
893 1011 974 1072 sunt
1033 1003 1171 1068 Romani
1206 1022 1305 1087 usque
1335 999 1365 1064 ad

269 1119 412 1176 extrema
442 1110 564 1176 liberae
593 1111 640 1176 rei
668 1111 819 1197 publicae
846 1118 993 1196 tempora
1021 1118 1123 1176 artem
1151 1096 1365 1194 gymnastican

269 1225 342 1284 csse
386 1217 572 1282 indecoram
623 1223 655 1284 et
703 1217 805 1284 libero
855 1216 985 1284 homine
1031 1218 1174 1282 Romano
1221 1215 1364 1298 indignam
1396 1218 1401 1253 ⁵

269 1325 542 1408 existimaverant.
610 1323 694 1392 Nam
739 1322 911 1403 artificum,
958 1323 1013 1407 qui
1058 1322 1153 1388 nudis
1200 1317 1365 1407 corporibus
1398 1384 1401 1407 Ι

268 1430 406 1496 artificia
434 1430 642 1516 factitabant,
676 1431 924 1497 exercitationes
955 1450 1027 1497 csse
1056 1437 1166 1515 turpes
1191 1437 1224 1496 et
1246 1427 1365 1494 moribus
1398 1474 1410 1519 ᾗ

267 1537 560 1623 perniciosissimas
593 1538 765 1623 putabant,
803 1538 844 1605 cl.
882 1538 961 1602 Eun.
1000 1558 1053 1623 ap.
1092 1535 1159 1605 cie.
1202 1536 1297 1604 Tusc.
1325 1530 1364 1608 ll.
1399 1562 1404 1601 :

269 1648 321 1722 33,
337 1648 393 1713 70:
420 1645 562 1728 »Flagiti
585 1645 776 1730 principium
802 1652 852 1711 est
874 1644 998 1710 nudare
1021 1645 1104 1710 inter
1121 1644 1202 1710 civis
1223 1635 1364 1728 corpora«
1399 1666 1409 1735 c

270 1752 334 1818 Sed
357 1751 424 1817 iam
449 1751 613 1818 Ciceronis
641 1760 749 1818 aetate
776 1753 809 1816 in
837 1751 947 1817 multis
976 1752 1123 1817 domibus
1148 1751 1315 1836 gymnasia
1333 1747 1366 1809 iu·

269 1852 496 1938 stituebantur‚
527 1865 560 1924 ct
583 1858 727 1925 thermae
751 1858 794 1924 ad
819 1858 998 1944 exemplum
1023 1859 1265 1942 gymnasiorum
1287 1855 1365 1922 Grae·

269 1986 377 2032 corum
401 1968 655 2034 exstruebantur.
701 1966 853 2032 Extremo
883 1986 959 2033 vero
987 1958 1091 2051 primo
1114 1987 1144 2051 p.
1170 1965 1242 2032 Ohr.
1265 1986 1293 2031 n.
1314 1975 1367 2028 sac·

270 2074 340 2139 culo
369 2073 427 2138 illa
455 2072 565 2140 studia
593 2072 677 2139 adeo
705 2075 985 2158 percrebruerant‚
1017 2080 1053 2137 ut
1085 2072 1249 2138 Iuvenalis
1280 2069 1367 2135 lacere
1408 2088 1410 2093 ·

269 2200 332 2245 uon
355 2187 476 2265 posset,
502 2181 577 2264 quin
601 2181 634 2245 in
654 2179 742 2245 oives
762 2199 838 2246 suos
859 2179 1050 2262 gravissime
1064 2178 1276 2263 inveberetur,
1299 2167 1366 2259 quod

269 2287 424 2351 maiorum
438 2271 623 2351 virtutibus:
647 2306 770 2351 morum
790 2286 985 2368 integritate,
1002 2283 1199 2364 fortitudine,
1222 2295 1367 2370 corporum

270 2393 388 2459 duritia
408 2393 599 2478 postpositis
619 2391 868 2459 consuetudines
888 2400 920 2458 et
938 2392 1086 2458 instituta
1110 2391 1367 2459 Graeculorum

271 2501 491 2566 adamassent.
553 2499 718 2565 Acerrime
751 2506 859 2564 autem
896 2498 1066 2564 cavillatur
1101 2499 1268 2579 mulieres,
1302 2507 1368 2580 quac

271 2607 363 2696 ipsae
387 2625 513 2690 quoque
542 2604 607 2672 illis
636 2606 758 2672 artibus
788 2625 920 2693 operam
952 2604 1045 2688 dant3
1080 2606 1281 2672 vestimentis
1303 2597 1368 2667 euim

271 2721 303 2800 et
334 2712 506 2795 unguentis
534 2710 728 2778 athletarum
761 2711 963 2779 delectantur
996 2722 1028 2777 et
1060 2712 1092 2777 in
1126 2732 1241 2798 campo
1273 2702 1369 2776 Martio

270 2821 408 2886 tironum
431 2838 519 2884 more
544 2839 580 2885 se
604 2828 763 2901 exercent,
789 2818 829 2886 of.
852 2821 908 2902 VI,
934 2823 998 2887 246
1023 2840 1094 2904 sqq.

337 2924 464 2992 Ludos
493 2946 620 3010 quoque
646 2928 962 3013 voluptatesque,
993 2947 1077 3010 quae
1104 2947 1125 2992 a
1154 2925 1288 2992 Graecis
1314 2922 1370 2986 ortt·

270 3033 424 3117 Romanis
447 3033 572 3099 illorum
596 3042 775 3120 temporum
797 3033 830 3099 in
860 3033 987 3099 deliciis
1016 3040 1122 3118 erant,
1150 3039 1252 3118 poeta
1274 3019 1370 3097 ilenti·

271 3139 344 3206 dem
372 3141 458 3207 salse
485 3140 607 3226 irridet,
640 3141 800 3207 vocabula
831 3140 905 3223 lege
932 3161 964 3225 p.
996 3143 1054 3208 68:
1089 3163 1117 3219 α,
1149 3141 1184 3205 bb
1212 3147 1292 3207 extr.
1333 3129 1370 3195 De

271 3247 440 3313 Graeculis
469 3267 580 3313 earum
609 3248 725 3313 artium
757 3247 815 3312 illa
842 3253 950 3312 aetate
983 3246 1149 3330 magistris
1183 3246 1259 3313 vide
1291 3240 1371 3310 etiam

270 3355 397 3422 Petron.
414 3356 465 3433 tc,
490 3361 567 3420 extr.
591 3355 723 3419 Traian.
747 3374 800 3439 ap.
820 3354 901 3420 Plin.
920 3353 1013 3438 epist.
1033 3353 1076 3418 ad
1094 3353 1178 3420 Plln.
1199 3355 1244 3422 40
1265 3351 1332 3432 (49),
1348 3337 1371 3402 2·

272 3460 354 3526 Plin.
377 3481 533 3547 panegyr.
558 3466 609 3547 13,
633 3471 713 3529 extr.

337 3567 409 3634 Hoc
431 3569 502 3634 loco
526 3569 666 3635 breviter
689 3568 887 3651 strictimque
910 3566 1017 3632 dicam
1041 3565 1082 3632 de

645 3726 672 3798 q)
697 3731 771 3783 arte
790 3726 1016 3793 aedificandi,

272 3855 368 3918 quarn
392 3834 436 3900 ad
458 3837 621 3901 Romanos
644 3855 665 3901 a
688 3834 823 3901 Graecis
846 3834 1034 3920 pervenisse
1063 3838 1095 3899 et
1124 3852 1225 3918 saepe
1248 3853 1269 3899 a
1290 3828 1372 3895 Grae·

274 3940 355 4008 culis
393 3941 603 4008 exercitatam
646 3961 720 4008 esse
755 3942 811 4008 vix
848 3941 998 4024 cuiquam
1030 3940 1176 4024 ignotum
1211 3939 1265 4008 sit.
1313 3927 1373 3998 flul
