<?xml version="1.0" encoding="UTF-8"?>
<!DOCTYPE html PUBLIC "-//W3C//DTD XHTML 1.0 Transitional//EN"
    "http://www.w3.org/TR/xhtml1/DTD/xhtml1-transitional.dtd">
<html xmlns="http://www.w3.org/1999/xhtml" xml:lang="en" lang="en">
 <head>
  <title>
</title>
<meta http-equiv="Content-Type" content="text/html;charset=utf-8" />
  <meta name='ocr-system' content='tesseract 3.04.00' />
  <meta name='ocr-capabilities' content='ocr_page ocr_carea ocr_par ocr_line ocrx_word'/>
</head>
<body>
  <div class='ocr_page' id='page_1' title='image "./iuvenalisgraeci00thiegoog_0035.png"; bbox 0 0 2828 5002; ppageno 0'>
   <div class='ocr_carea' id='block_1_1' title="bbox 709 348 922 443">
    <p class='ocr_par' dir='ltr' id='par_1_1' title="bbox 709 348 922 443">
     <span class='ocr_line' id='line_1_1' title="bbox 709 348 922 443; baseline 0 0"><span class='ocrx_word' id='word_1_1' title='bbox 709 348 922 443; x_wconf 49' lang='lat' dir='ltr'>AL</span> 
     </span>
    </p>
   </div>
   <div class='ocr_carea' id='block_1_2' title="bbox 254 538 1369 942">
    <p class='ocr_par' dir='ltr' id='par_1_2' title="bbox 254 538 1369 942">
     <span class='ocr_line' id='line_1_2' title="bbox 255 538 1368 624; baseline 0.003 -19"><span class='ocrx_word' id='word_1_2' title='bbox 255 561 312 624; x_wconf 89' lang='lat' dir='ltr'>per</span> <span class='ocrx_word' id='word_1_3' title='bbox 344 538 598 621; x_wconf 79' lang='lat' dir='ltr'>indignationem</span> <span class='ocrx_word' id='word_1_4' title='bbox 635 541 793 605; x_wconf 86' lang='lat' dir='ltr'>vocabulo</span> <span class='ocrx_word' id='word_1_5' title='bbox 827 540 952 606; x_wconf 85' lang='lat' dir='ltr'>Graeco</span> <span class='ocrx_word' id='word_1_6' title='bbox 987 539 1183 624; x_wconf 80' lang='lat' dir='ltr'>epimenia</span> <span class='ocrx_word' id='word_1_7' title='bbox 1216 560 1296 607; x_wconf 89' lang='lat' dir='ltr'>usus</span> <span class='ocrx_word' id='word_1_8' title='bbox 1326 540 1368 608; x_wconf 86' lang='lat' dir='ltr'>sit.</span> 
     </span>
     <span class='ocr_line' id='line_1_3' title="bbox 255 645 1366 731; baseline -0.001 -20"><span class='ocrx_word' id='word_1_9' title='bbox 255 646 404 712; x_wconf 77' lang='lat' dir='ltr'>Ceterum</span> <span class='ocrx_word' id='word_1_10' title='bbox 428 645 603 730; x_wconf 86' lang='lat' dir='ltr'>suspiceris</span> <span class='ocrx_word' id='word_1_11' title='bbox 635 647 735 711; x_wconf 87' lang='lat' dir='ltr'>verba</span> <span class='ocrx_word' id='word_1_12' title='bbox 765 646 999 711; x_wconf 77' lang='lat' dir='ltr'>»Maurorum</span> <span class='ocrx_word' id='word_1_13' title='bbox 1027 646 1221 731; x_wconf 82' lang='lat' dir='ltr'>epimenia</span> <span class='ocrx_word' id='word_1_14' title='bbox 1251 646 1366 712; x_wconf 85' lang='lat' dir='ltr'>bulbi«</span> 
     </span>
     <span class='ocr_line' id='line_1_4' title="bbox 254 752 1369 837; baseline 0.001 -21"><span class='ocrx_word' id='word_1_15' title='bbox 254 761 320 817; x_wconf 91' lang='lat' dir='ltr'>tum</span> <span class='ocrx_word' id='word_1_16' title='bbox 349 754 380 816; x_wconf 93' lang='lat' dir='ltr'>in</span> <span class='ocrx_word' id='word_1_17' title='bbox 408 752 570 837; x_wconf 89' lang='lat' dir='ltr'>proverbii</span> <span class='ocrx_word' id='word_1_18' title='bbox 602 752 835 820; x_wconf 86' lang='lat' dir='ltr'>cousuetudine</span> <span class='ocrx_word' id='word_1_19' title='bbox 867 752 980 832; x_wconf 82' lang='lat' dir='ltr'>fuisse,</span> <span class='ocrx_word' id='word_1_20' title='bbox 1015 753 1108 835; x_wconf 88' lang='lat' dir='ltr'>quasi</span> <span class='ocrx_word' id='word_1_21' title='bbox 1136 753 1244 818; x_wconf 81' lang='lat' dir='ltr'>Mauri</span> <span class='ocrx_word' id='word_1_22' title='bbox 1273 759 1369 819; x_wconf 81' lang='lat' dir='ltr'>essent</span> 
     </span>
     <span class='ocr_line' id='line_1_5' title="bbox 255 858 473 942; baseline 0.014 -20"><span class='ocrx_word' id='word_1_23' title='bbox 255 858 473 942; x_wconf 79' lang='lat' dir='ltr'>frugalissimi.</span> 
     </span>
    </p>
   </div>
   <div class='ocr_carea' id='block_1_3' title="bbox 467 1068 1162 1159">
    <p class='ocr_par' dir='ltr' id='par_1_3' title="bbox 467 1068 1162 1159">
     <span class='ocr_line' id='line_1_6' title="bbox 467 1068 1162 1159; baseline 0.001 -23"><span class='ocrx_word' id='word_1_24' title='bbox 467 1072 640 1138; x_wconf 66' lang='lat' dir='ltr'>*niceteria</span> <span class='ocrx_word' id='word_1_25' title='bbox 663 1070 716 1152; x_wconf 86' lang='lat' dir='ltr'>(cf.</span> <span class='ocrx_word' id='word_1_26' title='bbox 740 1092 771 1156; x_wconf 88' lang='lat' dir='ltr'>p.</span> <span class='ocrx_word' id='word_1_27' title='bbox 799 1075 839 1138; x_wconf 84' lang='lat'>19</span> <span class='ocrx_word' id='word_1_28' title='bbox 864 1070 950 1148; x_wconf 87' lang='lat' dir='ltr'>adn.)</span> <span class='ocrx_word' id='word_1_29' title='bbox 974 1068 1162 1159; x_wconf 75' lang='lat' dir='ltr'>[rtanrr&#39;pral.</span> 
     </span>
    </p>
   </div>
   <div class='ocr_carea' id='block_1_4' title="bbox 321 1211 1368 1384">
    <p class='ocr_par' dir='ltr' id='par_1_4' title="bbox 321 1211 1368 1384">
     <span class='ocr_line' id='line_1_7' title="bbox 321 1211 1368 1297; baseline -0.001 -20"><span class='ocrx_word' id='word_1_30' title='bbox 321 1213 378 1296; x_wconf 90' lang='lat' dir='ltr'>III,</span> <span class='ocrx_word' id='word_1_31' title='bbox 393 1215 449 1279; x_wconf 89' lang='lat'>68:</span> <span class='ocrx_word' id='word_1_32' title='bbox 487 1211 657 1277; x_wconf 79' lang='lat' dir='ltr'>»Rusticus</span> <span class='ocrx_word' id='word_1_33' title='bbox 681 1211 735 1277; x_wconf 90' lang='lat' dir='ltr'>ille</span> <span class='ocrx_word' id='word_1_34' title='bbox 759 1219 832 1276; x_wconf 90' lang='lat' dir='ltr'>tous</span> <span class='ocrx_word' id='word_1_35' title='bbox 857 1212 953 1276; x_wconf 90' lang='lat' dir='ltr'>sumit</span> <span class='ocrx_word' id='word_1_36' title='bbox 976 1211 1199 1297; x_wconf 88' lang='lat' dir='ltr'>trecbedipna,</span> <span class='ocrx_word' id='word_1_37' title='bbox 1235 1211 1368 1290; x_wconf 79' lang='lat' dir='ltr'>Quirine,</span> 
     </span>
     <span class='ocr_line' id='line_1_8' title="bbox 486 1317 1178 1384; baseline 0.001 -2"><span class='ocrx_word' id='word_1_38' title='bbox 486 1318 526 1382; x_wconf 82' lang='lat' dir='ltr'>Et</span> <span class='ocrx_word' id='word_1_39' title='bbox 550 1318 742 1384; x_wconf 77' lang='lat' dir='ltr'>ceromatico</span> <span class='ocrx_word' id='word_1_40' title='bbox 766 1317 828 1383; x_wconf 90' lang='lat' dir='ltr'>fert</span> <span class='ocrx_word' id='word_1_41' title='bbox 851 1318 1043 1383; x_wconf 89' lang='lat' dir='ltr'>niceteria</span> <span class='ocrx_word' id='word_1_42' title='bbox 1067 1319 1178 1384; x_wconf 88' lang='lat' dir='ltr'>collo.‹</span> 
     </span>
    </p>
   </div>
   <div class='ocr_carea' id='block_1_5' title="bbox 255 1438 1414 1847">
    <p class='ocr_par' dir='ltr' id='par_1_5' title="bbox 255 1438 1414 1847">
     <span class='ocr_line' id='line_1_9' title="bbox 323 1438 1414 1528; baseline -0.001 -20"><span class='ocrx_word' id='word_1_43' title='bbox 323 1441 449 1511; x_wconf 86' lang='lat' dir='ltr'>Scbol.</span> <span class='ocrx_word' id='word_1_44' title='bbox 465 1442 604 1508; x_wconf 87' lang='lat' dir='ltr'>Vallae</span> <span class='ocrx_word' id='word_1_45' title='bbox 619 1442 708 1508; x_wconf 92' lang='lat' dir='ltr'>adh.</span> <span class='ocrx_word' id='word_1_46' title='bbox 723 1443 760 1510; x_wconf 90' lang='lat' dir='ltr'>l.:</span> <span class='ocrx_word' id='word_1_47' title='bbox 779 1442 1001 1509; x_wconf 85' lang='lat' dir='ltr'>›Niceteria</span> <span class='ocrx_word' id='word_1_48' title='bbox 1016 1438 1281 1528; x_wconf 84' lang='lat' dir='ltr'>syllateriasunt,</span> <span class='ocrx_word' id='word_1_49' title='bbox 1295 1462 1369 1526; x_wconf 85' lang='lat' dir='ltr'>quae</span> <span class='ocrx_word' id='word_1_50' title='bbox 1413 1443 1414 1454; x_wconf 75' lang='grc'>’</span> 
     </span>
     <span class='ocr_line' id='line_1_10' title="bbox 256 1548 1370 1635; baseline 0 -21"><span class='ocrx_word' id='word_1_51' title='bbox 256 1551 296 1614; x_wconf 91' lang='lat' dir='ltr'>ob</span> <span class='ocrx_word' id='word_1_52' title='bbox 319 1550 487 1614; x_wconf 87' lang='lat' dir='ltr'>victoriam</span> <span class='ocrx_word' id='word_1_53' title='bbox 511 1548 633 1615; x_wconf 87' lang='lat' dir='ltr'>fiebant</span> <span class='ocrx_word' id='word_1_54' title='bbox 653 1557 686 1615; x_wconf 91' lang='lat' dir='ltr'>et</span> <span class='ocrx_word' id='word_1_55' title='bbox 701 1549 741 1615; x_wconf 88' lang='lat' dir='ltr'>de</span> <span class='ocrx_word' id='word_1_56' title='bbox 756 1551 839 1615; x_wconf 87' lang='lat' dir='ltr'>collo</span> <span class='ocrx_word' id='word_1_57' title='bbox 855 1549 1030 1635; x_wconf 89' lang='lat' dir='ltr'>pendentia</span> <span class='ocrx_word' id='word_1_58' title='bbox 1046 1551 1271 1632; x_wconf 75' lang='lat' dir='ltr'>gestabantur,</span> <span class='ocrx_word' id='word_1_59' title='bbox 1295 1569 1370 1633; x_wconf 86' lang='lat' dir='ltr'>quac</span> 
     </span>
     <span class='ocr_line' id='line_1_11' title="bbox 256 1654 1370 1743; baseline -0.002 -22"><span class='ocrx_word' id='word_1_60' title='bbox 256 1656 315 1722; x_wconf 82' lang='grc' dir='ltr'>ἀπὸ</span> <span class='ocrx_word' id='word_1_61' title='bbox 328 1669 384 1743; x_wconf 78' lang='grc' dir='ltr'>τῆς</span> <span class='ocrx_word' id='word_1_62' title='bbox 397 1662 489 1743; x_wconf 74' lang='grc' dir='ltr'><strong>νίκης,</strong></span> <span class='ocrx_word' id='word_1_63' title='bbox 505 1654 540 1720; x_wconf 94' lang='lat' dir='ltr'>id</span> <span class='ocrx_word' id='word_1_64' title='bbox 555 1663 605 1722; x_wconf 89' lang='lat' dir='ltr'>est</span> <span class='ocrx_word' id='word_1_65' title='bbox 620 1657 799 1740; x_wconf 75' lang='lat' dir='ltr'>amatoria,</span> <span class='ocrx_word' id='word_1_66' title='bbox 823 1677 937 1722; x_wconf 91' lang='lat' dir='ltr'>nomen</span> <span class='ocrx_word' id='word_1_67' title='bbox 954 1663 1131 1723; x_wconf 83' lang='lat' dir='ltr'>traxerunt.</span> <span class='ocrx_word' id='word_1_68' title='bbox 1164 1656 1370 1736; x_wconf 83' lang='lat' dir='ltr'>Niceteria,</span> 
     </span>
     <span class='ocr_line' id='line_1_12' title="bbox 255 1763 1245 1847; baseline 0.001 -18"><span class='ocrx_word' id='word_1_69' title='bbox 255 1770 364 1829; x_wconf 84' lang='lat' dir='ltr'>vestes</span> <span class='ocrx_word' id='word_1_70' title='bbox 388 1763 577 1847; x_wconf 86' lang='lat' dir='ltr'>peregrinas</span> <span class='ocrx_word' id='word_1_71' title='bbox 601 1764 696 1830; x_wconf 84' lang='lat' dir='ltr'>victis</span> <span class='ocrx_word' id='word_1_72' title='bbox 721 1764 753 1847; x_wconf 87' lang='lat' dir='ltr'>[l.</span> <span class='ocrx_word' id='word_1_73' title='bbox 777 1763 963 1847; x_wconf 81' lang='lat' dir='ltr'>victoribus]</span> <span class='ocrx_word' id='word_1_74' title='bbox 988 1763 1245 1830; x_wconf 81' lang='lat' dir='ltr'>convenientes«</span> 
     </span>
    </p>
   </div>
   <div class='ocr_carea' id='block_1_6' title="bbox 256 1887 1372 2506">
    <p class='ocr_par' dir='ltr' id='par_1_6' title="bbox 256 1887 1372 2506">
     <span class='ocr_line' id='line_1_13' title="bbox 323 1887 1371 1973; baseline -0.002 -19"><span class='ocrx_word' id='word_1_75' title='bbox 323 1889 481 1970; x_wconf 86' lang='lat' dir='ltr'>Ugutio:</span> <span class='ocrx_word' id='word_1_76' title='bbox 503 1888 721 1954; x_wconf 80' lang='lat' dir='ltr'>›Niceteria</span> <span class='ocrx_word' id='word_1_77' title='bbox 736 1889 884 1955; x_wconf 88' lang='lat' dir='ltr'>dicuntur</span> <span class='ocrx_word' id='word_1_78' title='bbox 897 1887 1038 1953; x_wconf 88' lang='lat' dir='ltr'>filateria</span> <span class='ocrx_word' id='word_1_79' title='bbox 1055 1889 1086 1972; x_wconf 92' lang='lat' dir='ltr'>[l.</span> <span class='ocrx_word' id='word_1_80' title='bbox 1099 1888 1279 1973; x_wconf 87' lang='lat' dir='ltr'>sylateria],</span> <span class='ocrx_word' id='word_1_81' title='bbox 1295 1907 1371 1971; x_wconf 87' lang='lat' dir='ltr'>quac</span> 
     </span>
     <span class='ocr_line' id='line_1_14' title="bbox 257 1994 1368 2080; baseline -0.002 -19"><span class='ocrx_word' id='word_1_82' title='bbox 257 2002 352 2078; x_wconf 87' lang='lat' dir='ltr'>gesta</span> <span class='ocrx_word' id='word_1_83' title='bbox 380 2016 399 2052; x_wconf 66' lang='lat' dir='ltr'>a</span> <span class='ocrx_word' id='word_1_84' title='bbox 429 1994 573 2061; x_wconf 88' lang='lat' dir='ltr'>eteleobe</span> <span class='ocrx_word' id='word_1_85' title='bbox 598 1995 707 2061; x_wconf 87' lang='lat' dir='ltr'>faucta</span> <span class='ocrx_word' id='word_1_86' title='bbox 741 1997 771 2080; x_wconf 90' lang='lat' dir='ltr'>[l.</span> <span class='ocrx_word' id='word_1_87' title='bbox 796 2016 880 2079; x_wconf 88' lang='lat' dir='ltr'>qnae</span> <span class='ocrx_word' id='word_1_88' title='bbox 904 1996 1080 2078; x_wconf 86' lang='lat' dir='ltr'>gestabant</span> <span class='ocrx_word' id='word_1_89' title='bbox 1108 1994 1253 2062; x_wconf 87' lang='lat' dir='ltr'>athletae</span> <span class='ocrx_word' id='word_1_90' title='bbox 1277 1994 1368 2077; x_wconf 85' lang='lat' dir='ltr'>facta]</span> 
     </span>
     <span class='ocr_line' id='line_1_15' title="bbox 256 2101 1372 2187; baseline -0.001 -21"><span class='ocrx_word' id='word_1_91' title='bbox 256 2101 298 2166; x_wconf 93' lang='lat' dir='ltr'>de</span> <span class='ocrx_word' id='word_1_92' title='bbox 322 2102 534 2167; x_wconf 90' lang='lat' dir='ltr'>summatibus</span> <span class='ocrx_word' id='word_1_93' title='bbox 557 2122 729 2186; x_wconf 76' lang='lat' dir='ltr'>armorum,</span> <span class='ocrx_word' id='word_1_94' title='bbox 763 2122 847 2186; x_wconf 88' lang='lat' dir='ltr'>quae</span> <span class='ocrx_word' id='word_1_95' title='bbox 880 2123 901 2166; x_wconf 90' lang='lat' dir='ltr'>a</span> <span class='ocrx_word' id='word_1_96' title='bbox 923 2102 1019 2167; x_wconf 89' lang='lat' dir='ltr'>victis</span> <span class='ocrx_word' id='word_1_97' title='bbox 1043 2109 1250 2187; x_wconf 87' lang='lat' dir='ltr'>acceperant,</span> <span class='ocrx_word' id='word_1_98' title='bbox 1286 2110 1317 2166; x_wconf 89' lang='lat' dir='ltr'>et</span> <span class='ocrx_word' id='word_1_99' title='bbox 1339 2121 1372 2166; x_wconf 86' lang='lat' dir='ltr'>ea</span> 
     </span>
     <span class='ocr_line' id='line_1_16' title="bbox 256 2207 1371 2293; baseline -0.001 -20"><span class='ocrx_word' id='word_1_100' title='bbox 256 2207 339 2273; x_wconf 90' lang='lat' dir='ltr'>collo</span> <span class='ocrx_word' id='word_1_101' title='bbox 364 2228 421 2273; x_wconf 92' lang='lat' dir='ltr'>suo</span> <span class='ocrx_word' id='word_1_102' title='bbox 446 2228 605 2293; x_wconf 89' lang='lat' dir='ltr'>suspensa</span> <span class='ocrx_word' id='word_1_103' title='bbox 628 2210 798 2292; x_wconf 84' lang='lat' dir='ltr'>gerebant,</span> <span class='ocrx_word' id='word_1_104' title='bbox 833 2209 980 2291; x_wconf 90' lang='lat' dir='ltr'>quotiens</span> <span class='ocrx_word' id='word_1_105' title='bbox 1010 2209 1150 2274; x_wconf 90' lang='lat' dir='ltr'>victores</span> <span class='ocrx_word' id='word_1_106' title='bbox 1179 2211 1371 2290; x_wconf 79' lang='lat' dir='ltr'>exstiterant,</span> 
     </span>
     <span class='ocr_line' id='line_1_17' title="bbox 256 2312 1372 2404; baseline -0.003 -24"><span class='ocrx_word' id='word_1_107' title='bbox 256 2316 349 2399; x_wconf 89' lang='lat' dir='ltr'>quasi</span> <span class='ocrx_word' id='word_1_108' title='bbox 373 2315 468 2396; x_wconf 87' lang='lat' dir='ltr'>signa</span> <span class='ocrx_word' id='word_1_109' title='bbox 491 2314 648 2381; x_wconf 88' lang='lat' dir='ltr'>victoriae</span> <span class='ocrx_word' id='word_1_110' title='bbox 672 2322 705 2381; x_wconf 90' lang='lat' dir='ltr'>et</span> <span class='ocrx_word' id='word_1_111' title='bbox 724 2315 798 2382; x_wconf 90' lang='lat' dir='ltr'>ideo</span> <span class='ocrx_word' id='word_1_112' title='bbox 818 2314 962 2381; x_wconf 85' lang='lat' dir='ltr'>filateria</span> <span class='ocrx_word' id='word_1_113' title='bbox 988 2313 1020 2403; x_wconf 87' lang='lat' dir='ltr'>[l.</span> <span class='ocrx_word' id='word_1_114' title='bbox 1039 2312 1207 2404; x_wconf 84' lang='lat' dir='ltr'>sylateria]</span> <span class='ocrx_word' id='word_1_115' title='bbox 1232 2316 1323 2400; x_wconf 88' lang='lat' dir='ltr'>talia,</span> <span class='ocrx_word' id='word_1_116' title='bbox 1344 2315 1372 2378; x_wconf 94' lang='lat' dir='ltr'>in</span> 
     </span>
     <span class='ocr_line' id='line_1_18' title="bbox 256 2406 1300 2506; baseline 0.002 -20"><span class='ocrx_word' id='word_1_117' title='bbox 256 2423 372 2506; x_wconf 86' lang='lat' dir='ltr'>quibus</span> <span class='ocrx_word' id='word_1_118' title='bbox 396 2421 652 2504; x_wconf 88' lang='lat' dir='ltr'>designabantur</span> <span class='ocrx_word' id='word_1_119' title='bbox 674 2423 839 2501; x_wconf 84' lang='lat' dir='ltr'>victoriae,</span> <span class='ocrx_word' id='word_1_120' title='bbox 865 2406 1060 2488; x_wconf 86' lang='lat' dir='ltr'>niceteria</span> <span class='ocrx_word' id='word_1_121' title='bbox 1084 2422 1172 2488; x_wconf 89' lang='lat' dir='ltr'>dicta</span> <span class='ocrx_word' id='word_1_122' title='bbox 1196 2429 1300 2489; x_wconf 81' lang='lat' dir='ltr'>sunt«</span> 
     </span>
    </p>
   </div>
   <div class='ocr_carea' id='block_1_7' title="bbox 618 2547 1015 2613">
    <p class='ocr_par' dir='ltr' id='par_1_7' title="bbox 618 2547 1015 2613">
     <span class='ocr_line' id='line_1_19' title="bbox 618 2547 1015 2613; baseline 0.005 -3"><span class='ocrx_word' id='word_1_123' title='bbox 618 2547 658 2612; x_wconf 91' lang='lat' dir='ltr'>Iu</span> <span class='ocrx_word' id='word_1_124' title='bbox 683 2548 828 2613; x_wconf 88' lang='lat' dir='ltr'>litteris</span> <span class='ocrx_word' id='word_1_125' title='bbox 853 2548 1015 2613; x_wconf 88' lang='lat' dir='ltr'>Graecis</span> 
     </span>
    </p>
   </div>
   <div class='ocr_carea' id='block_1_8' title="bbox 252 2671 1384 4463">
    <p class='ocr_par' dir='ltr' id='par_1_8' title="bbox 256 2671 1377 3182">
     <span class='ocr_line' id='line_1_20' title="bbox 256 2671 1374 2758; baseline 0 -24"><span class='ocrx_word' id='word_1_126' title='bbox 256 2671 448 2737; x_wconf 86' lang='lat' dir='ltr'>vocabulum</span> <span class='ocrx_word' id='word_1_127' title='bbox 473 2679 666 2758; x_wconf 78' lang='grc' dir='ltr'>νικητήρια</span> <span class='ocrx_word' id='word_1_128' title='bbox 699 2673 831 2754; x_wconf 88' lang='lat' dir='ltr'>saepius</span> <span class='ocrx_word' id='word_1_129' title='bbox 865 2672 992 2754; x_wconf 88' lang='lat' dir='ltr'>legitur,</span> <span class='ocrx_word' id='word_1_130' title='bbox 1025 2679 1059 2736; x_wconf 90' lang='lat' dir='ltr'>ut</span> <span class='ocrx_word' id='word_1_131' title='bbox 1087 2671 1173 2756; x_wconf 92' lang='lat' dir='ltr'>apud</span> <span class='ocrx_word' id='word_1_132' title='bbox 1199 2671 1374 2756; x_wconf 90' lang='lat' dir='ltr'>Sophocl.</span> 
     </span>
     <span class='ocr_line' id='line_1_21' title="bbox 256 2777 1375 2863; baseline 0.003 -21"><span class='ocrx_word' id='word_1_133' title='bbox 256 2779 349 2861; x_wconf 83' lang='lat' dir='ltr'>lrgm.</span> <span class='ocrx_word' id='word_1_134' title='bbox 366 2777 530 2842; x_wconf 88' lang='lat' dir='ltr'>Salmonei</span> <span class='ocrx_word' id='word_1_135' title='bbox 544 2781 610 2844; x_wconf 83' lang='grc'>482</span> <span class='ocrx_word' id='word_1_136' title='bbox 625 2777 720 2841; x_wconf 90' lang='lat' dir='ltr'>Dind.</span> <span class='ocrx_word' id='word_1_137' title='bbox 745 2781 813 2862; x_wconf 90' lang='lat' dir='ltr'>[ap.</span> <span class='ocrx_word' id='word_1_138' title='bbox 834 2778 949 2845; x_wconf 82' lang='lat' dir='ltr'>Athen.</span> <span class='ocrx_word' id='word_1_139' title='bbox 964 2779 1021 2856; x_wconf 88' lang='lat' dir='ltr'>Xl,</span> <span class='ocrx_word' id='word_1_140' title='bbox 1044 2799 1075 2863; x_wconf 88' lang='lat' dir='ltr'>p.</span> <span class='ocrx_word' id='word_1_141' title='bbox 1095 2781 1160 2845; x_wconf 80' lang='grc'>487</span> <span class='ocrx_word' id='word_1_142' title='bbox 1183 2777 1227 2861; x_wconf 91' lang='lat' dir='ltr'>d],</span> <span class='ocrx_word' id='word_1_143' title='bbox 1252 2779 1375 2863; x_wconf 79' lang='lat' dir='ltr'>Eurip.</span> 
     </span>
     <span class='ocr_line' id='line_1_22' title="bbox 256 2884 1376 2971; baseline -0.001 -23"><span class='ocrx_word' id='word_1_144' title='bbox 256 2887 326 2952; x_wconf 87' lang='lat' dir='ltr'>Alc.</span> <span class='ocrx_word' id='word_1_145' title='bbox 344 2887 437 2960; x_wconf 88' lang='lat'>1031,</span> <span class='ocrx_word' id='word_1_146' title='bbox 460 2884 630 2968; x_wconf 90' lang='lat' dir='ltr'>Xenopb.</span> <span class='ocrx_word' id='word_1_147' title='bbox 656 2885 782 2949; x_wconf 90' lang='lat' dir='ltr'>conviv.</span> <span class='ocrx_word' id='word_1_148' title='bbox 809 2885 860 2970; x_wconf 85' lang='lat' dir='ltr'>Vl,</span> <span class='ocrx_word' id='word_1_149' title='bbox 878 2888 905 2964; x_wconf 88' lang='lat'>1,</span> <span class='ocrx_word' id='word_1_150' title='bbox 931 2886 1028 2950; x_wconf 90' lang='lat' dir='ltr'>Plat.</span> <span class='ocrx_word' id='word_1_151' title='bbox 1044 2885 1130 2968; x_wconf 87' lang='lat' dir='ltr'>legg.</span> <span class='ocrx_word' id='word_1_152' title='bbox 1147 2885 1187 2964; x_wconf 91' lang='lat' dir='ltr'>II,</span> <span class='ocrx_word' id='word_1_153' title='bbox 1208 2906 1241 2971; x_wconf 91' lang='lat' dir='ltr'>p.</span> <span class='ocrx_word' id='word_1_154' title='bbox 1260 2889 1324 2954; x_wconf 77' lang='lat'>651</span> <span class='ocrx_word' id='word_1_155' title='bbox 1346 2905 1376 2950; x_wconf 90' lang='lat' dir='ltr'>e:</span> 
     </span>
     <span class='ocr_line' id='line_1_23' title="bbox 260 2990 1377 3078; baseline 0 -22"><span class='ocrx_word' id='word_1_156' title='bbox 260 2991 327 3056; x_wconf 73' lang='grc' dir='ltr'>»Τὰ</span> <span class='ocrx_word' id='word_1_157' title='bbox 349 2997 540 3078; x_wconf 78' lang='grc' dir='ltr'>νικητήρια</span> <span class='ocrx_word' id='word_1_158' title='bbox 560 2997 693 3076; x_wconf 64' lang='lat' dir='ltr'>pipam</span> <span class='ocrx_word' id='word_1_159' title='bbox 714 2990 755 3056; x_wconf 87' lang='lat' dir='ltr'>de</span> <span class='ocrx_word' id='word_1_160' title='bbox 770 3011 837 3077; x_wconf 88' lang='lat' dir='ltr'>rep.</span> <span class='ocrx_word' id='word_1_161' title='bbox 852 2993 894 3077; x_wconf 88' lang='lat' dir='ltr'>X,</span> <span class='ocrx_word' id='word_1_162' title='bbox 909 3014 940 3078; x_wconf 93' lang='lat' dir='ltr'>p.</span> <span class='ocrx_word' id='word_1_163' title='bbox 952 2995 1017 3059; x_wconf 81' lang='grc'>612</span> <span class='ocrx_word' id='word_1_164' title='bbox 1029 2992 1064 3069; x_wconf 89' lang='lat' dir='ltr'>d;</span> <span class='ocrx_word' id='word_1_165' title='bbox 1080 2990 1217 3057; x_wconf 87' lang='lat' dir='ltr'>Phaedr.</span> <span class='ocrx_word' id='word_1_166' title='bbox 1229 3013 1262 3078; x_wconf 92' lang='lat' dir='ltr'>p.</span> <span class='ocrx_word' id='word_1_167' title='bbox 1275 2993 1377 3075; x_wconf 77' lang='lat'>2451,</span> 
     </span>
     <span class='ocr_line' id='line_1_24' title="bbox 260 3087 1267 3182; baseline 0.003 -20"><span class='ocrx_word' id='word_1_168' title='bbox 260 3100 365 3166; x_wconf 88' lang='lat' dir='ltr'>Dion.</span> <span class='ocrx_word' id='word_1_169' title='bbox 390 3098 493 3163; x_wconf 84' lang='lat' dir='ltr'>Cass.</span> <span class='ocrx_word' id='word_1_170' title='bbox 516 3097 634 3177; x_wconf 84' lang='lat' dir='ltr'>LXHI,</span> <span class='ocrx_word' id='word_1_171' title='bbox 653 3102 681 3180; x_wconf 92' lang='lat'>1,</span> <span class='ocrx_word' id='word_1_172' title='bbox 700 3103 727 3182; x_wconf 90' lang='lat'>1,</span> <span class='ocrx_word' id='word_1_173' title='bbox 750 3087 898 3164; x_wconf 86' lang='lat' dir='ltr'>Aelian.</span> <span class='ocrx_word' id='word_1_174' title='bbox 924 3120 992 3168; x_wconf 87' lang='lat' dir='ltr'>var.</span> <span class='ocrx_word' id='word_1_175' title='bbox 1017 3098 1092 3164; x_wconf 88' lang='lat' dir='ltr'>bist.</span> <span class='ocrx_word' id='word_1_176' title='bbox 1117 3099 1156 3176; x_wconf 90' lang='lat' dir='ltr'>Il,</span> <span class='ocrx_word' id='word_1_177' title='bbox 1178 3102 1218 3164; x_wconf 88' lang='grc'>41</span> <span class='ocrx_word' id='word_1_178' title='bbox 1236 3118 1267 3165; x_wconf 90' lang='lat' dir='ltr'>a.</span> 
     </span>
    </p>

    <p class='ocr_par' dir='ltr' id='par_1_9' title="bbox 255 3204 1379 3500">
     <span class='ocr_line' id='line_1_25' title="bbox 325 3204 1378 3291; baseline 0.002 -23"><span class='ocrx_word' id='word_1_179' title='bbox 325 3205 383 3269; x_wconf 84' lang='lat' dir='ltr'>llis</span> <span class='ocrx_word' id='word_1_180' title='bbox 407 3205 554 3270; x_wconf 89' lang='lat' dir='ltr'>omnibus</span> <span class='ocrx_word' id='word_1_181' title='bbox 573 3205 653 3270; x_wconf 89' lang='lat' dir='ltr'>locis</span> <span class='ocrx_word' id='word_1_182' title='bbox 673 3204 714 3270; x_wconf 89' lang='lat' dir='ltr'>de</span> <span class='ocrx_word' id='word_1_183' title='bbox 732 3207 886 3291; x_wconf 89' lang='lat' dir='ltr'>praemiis</span> <span class='ocrx_word' id='word_1_184' title='bbox 909 3206 1065 3271; x_wconf 81' lang='lat' dir='ltr'>victoriae</span> <span class='ocrx_word' id='word_1_185' title='bbox 1090 3204 1300 3288; x_wconf 90' lang='lat' dir='ltr'>cogitandum</span> <span class='ocrx_word' id='word_1_186' title='bbox 1322 3212 1378 3288; x_wconf 86' lang='lat' dir='ltr'>est,</span> 
     </span>
     <span class='ocr_line' id='line_1_26' title="bbox 255 3311 1379 3397; baseline 0.001 -20"><span class='ocrx_word' id='word_1_187' title='bbox 255 3332 297 3377; x_wconf 87' lang='lat' dir='ltr'>ex</span> <span class='ocrx_word' id='word_1_188' title='bbox 317 3311 403 3376; x_wconf 91' lang='lat' dir='ltr'>nullo</span> <span class='ocrx_word' id='word_1_189' title='bbox 422 3319 531 3396; x_wconf 91' lang='lat' dir='ltr'>potest</span> <span class='ocrx_word' id='word_1_190' title='bbox 546 3313 655 3396; x_wconf 89' lang='lat' dir='ltr'>colligi</span> <span class='ocrx_word' id='word_1_191' title='bbox 670 3313 750 3376; x_wconf 92' lang='lat' dir='ltr'>talia</span> <span class='ocrx_word' id='word_1_192' title='bbox 764 3314 909 3397; x_wconf 90' lang='lat' dir='ltr'>praemia</span> <span class='ocrx_word' id='word_1_193' title='bbox 929 3313 1024 3396; x_wconf 91' lang='lat' dir='ltr'>quasi</span> <span class='ocrx_word' id='word_1_194' title='bbox 1044 3313 1184 3394; x_wconf 90' lang='lat' dir='ltr'>insignia</span> <span class='ocrx_word' id='word_1_195' title='bbox 1200 3313 1232 3377; x_wconf 91' lang='lat' dir='ltr'>in</span> <span class='ocrx_word' id='word_1_196' title='bbox 1245 3321 1379 3397; x_wconf 89' lang='lat' dir='ltr'>pectore</span> 
     </span>
     <span class='ocr_line' id='line_1_27' title="bbox 256 3426 492 3500; baseline 0.008 -19"><span class='ocrx_word' id='word_1_197' title='bbox 256 3426 388 3500; x_wconf 87' lang='lat' dir='ltr'>gestata</span> <span class='ocrx_word' id='word_1_198' title='bbox 412 3438 492 3483; x_wconf 90' lang='lat' dir='ltr'>esse.</span> 
     </span>
    </p>

    <p class='ocr_par' dir='ltr' id='par_1_10' title="bbox 626 3508 1013 3573">
     <span class='ocr_line' id='line_1_28' title="bbox 626 3508 1013 3573; baseline 0.005 -2"><span class='ocrx_word' id='word_1_199' title='bbox 626 3508 667 3572; x_wconf 92' lang='lat' dir='ltr'>ln</span> <span class='ocrx_word' id='word_1_200' title='bbox 690 3508 836 3573; x_wconf 89' lang='lat' dir='ltr'>litteris</span> <span class='ocrx_word' id='word_1_201' title='bbox 860 3508 1013 3573; x_wconf 88' lang='lat' dir='ltr'>Latinis</span> 
     </span>
    </p>

    <p class='ocr_par' dir='ltr' id='par_1_11' title="bbox 254 3630 1382 3929">
     <span class='ocr_line' id='line_1_29' title="bbox 254 3630 1381 3714; baseline 0.003 -19"><span class='ocrx_word' id='word_1_202' title='bbox 254 3630 345 3714; x_wconf 84' lang='lat' dir='ltr'>apud</span> <span class='ocrx_word' id='word_1_203' title='bbox 369 3631 491 3697; x_wconf 89' lang='lat' dir='ltr'>solum</span> <span class='ocrx_word' id='word_1_204' title='bbox 519 3632 738 3697; x_wconf 84' lang='lat' dir='ltr'>Iuvenalem</span> <span class='ocrx_word' id='word_1_205' title='bbox 768 3632 797 3701; x_wconf 93' lang='lat' dir='ltr'>b.</span> <span class='ocrx_word' id='word_1_206' title='bbox 821 3633 840 3700; x_wconf 93' lang='lat' dir='ltr'>l.</span> <span class='ocrx_word' id='word_1_207' title='bbox 870 3633 1030 3698; x_wconf 88' lang='lat' dir='ltr'>invenitur</span> <span class='ocrx_word' id='word_1_208' title='bbox 1053 3631 1245 3696; x_wconf 86' lang='lat' dir='ltr'>vocabulum</span> <span class='ocrx_word' id='word_1_209' title='bbox 1275 3633 1381 3698; x_wconf 92' lang='lat' dir='ltr'>nice·</span> 
     </span>
     <span class='ocr_line' id='line_1_30' title="bbox 257 3737 1382 3823; baseline 0.003 -21"><span class='ocrx_word' id='word_1_210' title='bbox 257 3739 370 3823; x_wconf 86' lang='lat' dir='ltr'>teria,</span> <span class='ocrx_word' id='word_1_211' title='bbox 395 3738 481 3821; x_wconf 91' lang='lat' dir='ltr'>quod</span> <span class='ocrx_word' id='word_1_212' title='bbox 505 3737 626 3806; x_wconf 90' lang='lat' dir='ltr'>schol.</span> <span class='ocrx_word' id='word_1_213' title='bbox 652 3738 694 3803; x_wconf 85' lang='lat' dir='ltr'>ad</span> <span class='ocrx_word' id='word_1_214' title='bbox 714 3739 744 3803; x_wconf 92' lang='lat' dir='ltr'>b.</span> <span class='ocrx_word' id='word_1_215' title='bbox 766 3740 786 3805; x_wconf 93' lang='lat' dir='ltr'>l.</span> <span class='ocrx_word' id='word_1_216' title='bbox 811 3747 844 3804; x_wconf 90' lang='lat' dir='ltr'>et</span> <span class='ocrx_word' id='word_1_217' title='bbox 867 3739 1010 3822; x_wconf 89' lang='lat' dir='ltr'>Ugutio</span> <span class='ocrx_word' id='word_1_218' title='bbox 1035 3740 1288 3823; x_wconf 87' lang='lat' dir='ltr'>interpretantur</span> <span class='ocrx_word' id='word_1_219' title='bbox 1303 3760 1382 3805; x_wconf 88' lang='lat' dir='ltr'>voce</span> 
     </span>
     <span class='ocr_line' id='line_1_31' title="bbox 256 3845 1305 3929; baseline 0.002 -20"><span class='ocrx_word' id='word_1_220' title='bbox 256 3845 466 3928; x_wconf 88' lang='lat' dir='ltr'>sylateria,</span> <span class='ocrx_word' id='word_1_221' title='bbox 490 3864 555 3928; x_wconf 88' lang='lat' dir='ltr'>qua</span> <span class='ocrx_word' id='word_1_222' title='bbox 579 3845 664 3909; x_wconf 89' lang='lat' dir='ltr'>idem</span> <span class='ocrx_word' id='word_1_223' title='bbox 689 3845 891 3928; x_wconf 88' lang='lat' dir='ltr'>significatur</span> <span class='ocrx_word' id='word_1_224' title='bbox 915 3865 954 3910; x_wconf 88' lang='lat' dir='ltr'>ao</span> <span class='ocrx_word' id='word_1_225' title='bbox 977 3845 1136 3911; x_wconf 88' lang='lat' dir='ltr'>vocabulo</span> <span class='ocrx_word' id='word_1_226' title='bbox 1162 3845 1305 3929; x_wconf 86' lang='lat' dir='ltr'>spolia.</span> 
     </span>
    </p>

    <p class='ocr_par' dir='ltr' id='par_1_12' title="bbox 252 3951 1384 4463">
     <span class='ocr_line' id='line_1_32' title="bbox 323 3951 1382 4037; baseline 0.001 -21"><span class='ocrx_word' id='word_1_227' title='bbox 323 3952 426 4017; x_wconf 91' lang='lat' dir='ltr'>Huius</span> <span class='ocrx_word' id='word_1_228' title='bbox 441 3952 505 4017; x_wconf 91' lang='lat' dir='ltr'>loci</span> <span class='ocrx_word' id='word_1_229' title='bbox 523 3953 685 4018; x_wconf 88' lang='lat' dir='ltr'>sententia</span> <span class='ocrx_word' id='word_1_230' title='bbox 704 3960 754 4017; x_wconf 93' lang='lat' dir='ltr'>est</span> <span class='ocrx_word' id='word_1_231' title='bbox 769 3952 864 4018; x_wconf 87' lang='lat' dir='ltr'>baec:</span> <span class='ocrx_word' id='word_1_232' title='bbox 889 3953 992 4018; x_wconf 88' lang='lat' dir='ltr'>Poeta</span> <span class='ocrx_word' id='word_1_233' title='bbox 1007 3953 1159 4037; x_wconf 88' lang='lat' dir='ltr'>queritur,</span> <span class='ocrx_word' id='word_1_234' title='bbox 1184 3951 1273 4035; x_wconf 87' lang='lat' dir='ltr'>quod</span> <span class='ocrx_word' id='word_1_235' title='bbox 1288 3952 1382 4017; x_wconf 91' lang='lat' dir='ltr'>multi</span> 
     </span>
     <span class='ocr_line' id='line_1_33' title="bbox 256 4058 1382 4144; baseline 0.004 -23"><span class='ocrx_word' id='word_1_236' title='bbox 256 4058 431 4144; x_wconf 92' lang='lat' dir='ltr'>populares</span> <span class='ocrx_word' id='word_1_237' title='bbox 464 4059 564 4123; x_wconf 91' lang='lat' dir='ltr'>nobili</span> <span class='ocrx_word' id='word_1_238' title='bbox 597 4059 668 4124; x_wconf 91' lang='lat' dir='ltr'>loco</span> <span class='ocrx_word' id='word_1_239' title='bbox 702 4060 767 4123; x_wconf 89' lang='lat' dir='ltr'>nati</span> <span class='ocrx_word' id='word_1_240' title='bbox 797 4059 916 4126; x_wconf 85' lang='lat' dir='ltr'>veteris</span> <span class='ocrx_word' id='word_1_241' title='bbox 943 4079 1065 4123; x_wconf 91' lang='lat' dir='ltr'>morum</span> <span class='ocrx_word' id='word_1_242' title='bbox 1093 4058 1315 4142; x_wconf 86' lang='lat' dir='ltr'>simplicitatis</span> <span class='ocrx_word' id='word_1_243' title='bbox 1344 4080 1382 4125; x_wconf 91' lang='lat' dir='ltr'>ac</span> 
     </span>
     <span class='ocr_line' id='line_1_34' title="bbox 257 4165 1383 4248; baseline 0 -19"><span class='ocrx_word' id='word_1_244' title='bbox 257 4166 474 4230; x_wconf 87' lang='lat' dir='ltr'>continentiae</span> <span class='ocrx_word' id='word_1_245' title='bbox 494 4165 695 4231; x_wconf 87' lang='lat' dir='ltr'>immemores</span> <span class='ocrx_word' id='word_1_246' title='bbox 716 4165 913 4230; x_wconf 84' lang='lat' dir='ltr'>Graecorum</span> <span class='ocrx_word' id='word_1_247' title='bbox 932 4175 1029 4242; x_wconf 87' lang='lat' dir='ltr'>artes,</span> <span class='ocrx_word' id='word_1_248' title='bbox 1055 4184 1139 4248; x_wconf 89' lang='lat' dir='ltr'>quae</span> <span class='ocrx_word' id='word_1_249' title='bbox 1158 4165 1223 4229; x_wconf 91' lang='lat' dir='ltr'>sint</span> <span class='ocrx_word' id='word_1_250' title='bbox 1245 4165 1383 4232; x_wconf 90' lang='lat' dir='ltr'>bomini·</span> 
     </span>
     <span class='ocr_line' id='line_1_35' title="bbox 257 4270 1383 4359; baseline 0.003 -24"><span class='ocrx_word' id='word_1_251' title='bbox 257 4272 316 4336; x_wconf 91' lang='lat' dir='ltr'>bus</span> <span class='ocrx_word' id='word_1_252' title='bbox 340 4292 415 4336; x_wconf 88' lang='lat' dir='ltr'>vere</span> <span class='ocrx_word' id='word_1_253' title='bbox 440 4273 590 4338; x_wconf 82' lang='lat' dir='ltr'>Romanis</span> <span class='ocrx_word' id='word_1_254' title='bbox 621 4270 776 4359; x_wconf 79' lang='lat' dir='ltr'>[Quirine]</span> <span class='ocrx_word' id='word_1_255' title='bbox 805 4272 1066 4355; x_wconf 78' lang='lat' dir='ltr'>indignissimae,</span> <span class='ocrx_word' id='word_1_256' title='bbox 1101 4271 1253 4337; x_wconf 86' lang='lat' dir='ltr'>excolant</span> <span class='ocrx_word' id='word_1_257' title='bbox 1284 4280 1383 4356; x_wconf 88' lang='lat' dir='ltr'>atque</span> 
     </span>
     <span class='ocr_line' id='line_1_36' title="bbox 252 4378 1384 4463; baseline 0.003 -22"><span class='ocrx_word' id='word_1_258' title='bbox 252 4388 438 4460; x_wconf 78' lang='lat' dir='ltr'>exerceant,</span> <span class='ocrx_word' id='word_1_259' title='bbox 454 4388 486 4442; x_wconf 91' lang='lat' dir='ltr'>et</span> <span class='ocrx_word' id='word_1_260' title='bbox 501 4378 695 4462; x_wconf 89' lang='lat' dir='ltr'>indignatur,</span> <span class='ocrx_word' id='word_1_261' title='bbox 711 4379 798 4461; x_wconf 89' lang='lat' dir='ltr'>quod</span> <span class='ocrx_word' id='word_1_262' title='bbox 813 4381 901 4445; x_wconf 89' lang='lat' dir='ltr'>cives</span> <span class='ocrx_word' id='word_1_263' title='bbox 916 4380 1052 4442; x_wconf 82' lang='lat' dir='ltr'>Romani</span> <span class='ocrx_word' id='word_1_264' title='bbox 1064 4379 1210 4463; x_wconf 88' lang='lat' dir='ltr'>praemia</span> <span class='ocrx_word' id='word_1_265' title='bbox 1225 4378 1384 4444; x_wconf 85' lang='lat' dir='ltr'>victoriae</span> 
     </span>
    </p>
   </div>
   <div class='ocr_carea' id='block_1_9' title="bbox 0 0 1422 5002">
    <p class='ocr_par' dir='ltr' id='par_1_13' title="bbox 0 0 1422 5002">
     <span class='ocr_line' id='line_1_37' title="bbox 0 0 1422 5002; baseline 0 0"><span class='ocrx_word' id='word_1_266' title='bbox 0 0 1422 5002; x_wconf 95' lang='lat' dir='ltr'> </span> 
     </span>
    </p>
   </div>
  </div>
 </body>
</html>
