2828 5002
484 466 504 472 -
576 377 597 442 5

10 569 178 634 Latinam
208 567 418 654 transierunt,
451 578 678 636 enumerantur
708 577 741 635 et
769 570 978 640 illustrantur.
1029 571 1153 638 Ceteris

10 676 178 743 omnibus
201 676 376 761 opusculis,
400 696 485 760 quae
508 696 606 762 supra
620 678 805 762 recognovi,
831 677 912 744 baec
935 679 1084 762 quaestio
1104 686 1155 746 est

11 783 127 848 multo
155 782 339 849 accuratior
368 803 407 849 uc
435 782 631 867 diligentior.
678 785 784 868 Atque
812 783 873 850 boc
901 792 951 851 est
978 784 1077 851 laude
1105 784 1154 852 di·

13 889 233 975 guissimum,
267 887 354 973 quod
382 890 415 955 in
443 910 484 956 ea
511 891 706 976 explicatur,
741 891 856 974 quibus
885 891 1088 977 potissimum
1112 892 1154 961 dc

12 994 137 1064 causis
165 996 282 1063 civitas
310 998 458 1062 Romana
490 997 600 1063 multis
628 996 795 1064 vocubulis
823 997 959 1064 Graecis
992 997 1073 1064 data
1097 999 1149 1066 sit.

12 1102 92 1170 Sed
122 1123 165 1169 ne
193 1104 246 1168 bic
275 1102 406 1187 quidem
439 1102 522 1171 liber
554 1109 604 1170 est
632 1104 779 1171 omnibus
807 1105 949 1170 numeris
972 1105 1151 1185 absolutus,

13 1230 97 1276 oum
123 1210 260 1294 scriptor
283 1223 316 1276 et
338 1211 414 1277 aliis
436 1211 579 1294 vocibus,
604 1231 685 1294 quas
708 1230 782 1277 esse
799 1231 876 1277 vore
895 1211 1031 1279 Latinas
1055 1232 1166 1279 nemo·

18 1319 173 1400 ignorat,
203 1316 361 1384 Graecum
386 1317 542 1401 originem
565 1316 708 1384 vindicet
731 1326 765 1384 ct
786 1318 871 1385 alias
893 1338 970 1385 vere
995 1321 1151 1400 Graecas,

19 1431 58 1490 ut
88 1425 277 1505 brcocbim,
307 1427 456 1505 calamos,
485 1446 635 1506 mmmm,
664 1433 773 1506 nocta
803 1444 878 1491 esse
905 1424 1040 1491 Latinas
1069 1425 1153 1492 arbi-

16 1536 139 1596 tretur.
177 1530 352 1597 Praeterea
368 1551 481 1616 parum
497 1531 694 1616 explanavit,
715 1532 832 1614 quibus
847 1531 976 1597 indiciis
991 1529 1153 1598 adductus

20 1636 189 1703 vocabula
210 1635 389 1703 domestica
412 1656 434 1702 a
457 1637 637 1722 peregrinis
656 1636 846 1720 distinguat,
872 1637 1031 1704 sedeatis
1056 1637 1155 1705 babet

19 1744 150 1824 dicere,
186 1743 378 1828 quibusnam
411 1742 452 1810 de
485 1745 594 1811 causis
627 1745 830 1811 obscuriores
863 1743 1022 1827 quasdam
1054 1764 1153 1812 voces

21 1871 102 1917 esse
125 1859 184 1915 aut
207 1856 358 1916 externas
382 1860 439 1916 aut
460 1851 653 1917 remaculas
677 1850 847 1919 existimet,

92 1957 145 2021 Ab
174 1957 237 2022 bac
270 1958 540 2024 commentatione
568 1958 740 2025 virtutibus
771 1977 835 2023 non
862 1957 1078 2024 mediocribus
1106 1959 1154 2024 in·

23 2070 153 2130 structa
167 2063 223 2128 vix
237 2071 345 2149 potest
356 2063 420 2130 dici
431 2072 585 2147 quantum
595 2063 695 2131 distet
709 2064 838 2132 libellus
849 2064 1043 2142 levissimus,
1059 2084 1154 2148 quem

21 2170 210 2256 composuit
224 2171 397 2255 hl.Ruge:
419 2172 708 2257 Bemcrkungen
729 2193 773 2239 cu
790 2171 863 2237 den
880 2172 1155 2256 griechischen

24 2278 305 2344 Lehnwbrtern
337 2280 384 2343 im
418 2280 567 2346 Latein.
618 2279 727 2345 Berlin
764 2283 858 2348 1881.
908 2279 945 2344 In
978 2278 1040 2344 bac
1068 2298 1154 2344 com·

25 2384 283 2451 mentatiuncula
317 2384 358 2451 dc
391 2386 643 2452 consonantibus
677 2387 807 2464 litteris,
841 2386 883 2451 de
915 2385 1154 2468 mutationibus,

25 2510 115 2575 quae
149 2490 181 2555 in
210 2491 440 2558 vocabulorum
470 2491 666 2558 Graecorum
693 2490 832 2557 flexione
861 2492 968 2556 sactae
992 2497 1079 2574 sunt,
1113 2489 1155 2556 dc

25 2595 267 2681 significatione
286 2618 400 2664 vocum
421 2598 619 2664 Graecarum
633 2599 750 2682 agitur.
789 2597 946 2663 Collectio
961 2606 1069 2663 autem
1081 2598 1154 2663 sub·

24 2703 253 2790 stantivorum,
286 2724 371 2789 quae
398 2712 522 2770 mutato
552 2724 670 2789 genere
698 2705 731 2769 in
759 2704 904 2788 linguam
933 2704 1083 2770 Latinam
1105 2724 1154 2770 re·

23 2818 126 2897 cepta
163 2818 250 2896 sunt,
291 2832 354 2876 non
396 2818 447 2877 est
488 2812 634 2897 perlecta
676 2819 774 2894 alque
811 2812 972 2877 absoluta.
1028 2809 1154 2878 Deinde

25 2919 176 3002 scriptor,
201 2937 273 2983 oum
290 2938 354 2984 non
374 2918 417 2984 sit
436 2918 559 3003 peritus
580 2919 697 3001 legum,
723 2918 838 3001 quibus
854 2937 1004 2982 sonorum
1019 2918 1153 2983 mutatio

26 3025 61 3089 in
86 3031 223 3109 utraque
245 3025 357 3108 lingua
372 3025 505 3108 regitur,
530 3024 631 3089 multa
653 3025 814 3090 vocabula
834 3044 907 3089 esse
922 3023 1050 3089 Graeca
1072 3022 1154 3088 iudi·

26 3130 127 3215 cavit,
152 3150 236 3214 quae
257 3132 394 3198 Latinae
412 3131 548 3214 originis
568 3150 641 3196 esse
660 3130 862 3215 inpromptu
884 3136 942 3210 est,
968 3136 1003 3194 ut
1020 3153 1155 3196 mammo

25 3237 177 3325 [μάμμτμ.
203 3241 310 3323 pulmo
344 3238 519 3326 [ohebpovh
552 3247 637 3303 caetu
671 3237 797 3325 [puqul.
849 3237 925 3301 Pari
958 3237 1042 3302 enim
1075 3257 1154 3305 sono

25 3363 144 3410 vocum
172 3343 369 3433 Graecarum
394 3353 571 3411 commotus
601 3345 810 3430 complurium
839 3344 1068 3410 vocabulorum
1092 3344 1154 3410 La·

26 3452 178 3530 tinorum,
203 3472 288 3536 quae
308 3460 381 3518 sunt
401 3452 623 3535 ruchatica,
649 3453 806 3534 originem
830 3470 871 3516 ex
894 3451 1006 3534 lingua
1026 3449 1154 3518 Graeca

25 3556 130 3623 duxit
168 3557 476 3627 Commentationem
500 3560 599 3643 igitur
622 3558 770 3624 obsoleta
792 3559 916 3623 ratione
937 3557 1055 3623 lactum
1080 3578 1153 3625 esse

25 3664 249 3749 unusquisque
273 3665 370 3732 lacile
394 3665 592 3746 concedet.¹)

95 3771 286 3856 Aliquanto,
317 3793 413 3856 quam
437 3772 498 3838 viri
522 3772 623 3850 docti,
654 3771 835 3856 dequibus
859 3770 967 3837 adbuc
991 3770 1072 3851 dixi,
1103 3791 1155 3839 sa·

25 3877 158 3961 gucius,
193 3879 392 3964 accuratius,
426 3880 555 3964 planius
584 3879 616 3943 in
640 3899 706 3944 rem
730 3878 898 3960 inquisivit
921 3876 996 3944 Osc.
1023 3878 1155 3945 Weise

25 3986 59 4050 in
87 3986 186 4069 libro,
217 3986 272 4068 qui
301 3985 498 4051 inscribitur:
531 3985 603 4050 Die
631 3982 907 4063 griechischen
932 3984 1083 4050 Wbrter
1106 3985 1153 4048 im

25 4092 175 4159 Latein.
232 4089 368 4176 Leipzig
403 4094 500 4158 1882.
556 4092 589 4157 Is
620 4092 671 4156 vir
703 4089 817 4156 doolus
850 4091 995 4176 primus
1029 4090 1154 4155 omniu

24 4197 224 4266 vocabula
248 4195 412 4281 Graeca,
440 4217 525 4281 quac
548 4198 581 4262 in
605 4185 750 4280 linguam
773 4196 924 4261 Latinum
948 4196 1154 4281 transierunt,

23 4340 245 4354 -———·——-·

96 4431 120 4499 ¹)
142 4427 187 4484 Of.
206 4426 240 4481 0.
259 4426 383 4482 Weiss:
403 4427 616 4482 Litterarisches
637 4425 827 4483 Oentralblatt
848 4427 924 4493 1881,
944 4427 996 4483 No.
1015 4428 1059 4483 20.
