2828 5002
596 372 724 471 „45

149 566 178 630 ti
206 568 346 634 nomine
369 567 440 653 ipso
464 565 658 646 declaratur,
683 569 745 633 lex
769 574 917 651 gestus,
942 574 974 632 et
997 567 1122 634 abillis
1142 576 1261 655 tempo·

149 672 229 742 ihus
260 673 401 741 heroicis
428 681 500 740 orta
533 674 574 741 sit
603 682 636 740 et
663 669 697 738 a'
712 675 844 741 summis
872 673 1032 741 Graeciae
1058 674 1137 741 viris
1165 682 1263 759 atque

148 800 212 864 pso
247 782 347 848 etiam
381 781 512 848 Socrate
541 781 690 866 probata,
725 801 745 846 a
777 781 914 848 Platone
947 790 1073 865 quoque
1105 782 1137 847 in
1169 789 1263 868 parte

147 887 285 955 civilium
313 889 421 975 posita
450 889 600 954 virtutum
630 898 662 953 et
689 908 709 953 a
739 887 919 975 Chrysippo
947 888 981 954 in
1008 890 1192 974 praeceptis
1221 889 1263 957 de

147 993 317 1062 liberorum
340 995 533 1062 educatione
553 995 740 1081 compositis
755 1014 817 1060 uon
832 996 964 1062 omissa.
1002 996 1085 1063 Nam
1098 996 1261 1063 Lacedae-

148 1103 269 1169 monios
303 1102 432 1188 quidem
462 1103 561 1169 etiam
588 1102 792 1169 saltationem
825 1101 988 1186 quandam
1021 1110 1185 1188 tamquam
1219 1102 1262 1169 ad

152 1208 233 1274 bella
251 1229 378 1294 quoque
396 1211 506 1276 utilem
527 1208 681 1275 habuisse
699 1210 783 1276 inter
802 1211 1050 1278 exercitationes
1069 1211 1262 1297 accepimus.

156 1315 257 1400 Neque
279 1316 314 1383 id
337 1317 500 1384 veteribus
523 1318 676 1383 Romanis
696 1316 848 1383 dedecori
867 1317 941 1383 fuit:
965 1325 1187 1402 argumentum
1212 1327 1263 1386 est

159 1424 349 1490 sacerdotum
381 1424 510 1491 nomine
547 1443 587 1489 ao
623 1423 779 1508 religione
812 1423 931 1491 durans
963 1423 1006 1490 ad
1038 1424 1099 1491 hoc
1137 1432 1262 1511 tempus

162 1532 276 1598 saltatio
315 1540 347 1599 et
380 1532 437 1622 illa
475 1532 507 1596 in
545 1532 639 1597 tertio
677 1530 876 1599 Ciceronis
922 1531 964 1598 de
1009 1539 1136 1601 oratore
1181 1534 1262 1600 libro

164 1632 218 1723 [111,
239 1643 291 1721 59,
317 1636 394 1726 220]
431 1640 531 1706 verba
568 1638 693 1724 Crassi,
730 1640 846 1723 qulbus
878 1639 1051 1727 praecipit,
1089 1647 1124 1706 ut
1156 1648 1263 1708 orator

164 1753 253 1811 utatur
288 1746 452 1813 laterum
489 1745 746 1813 inclinatione
779 1746 871 1813 lorti
904 1768 948 1814 ac
979 1748 1101 1835 virili,
1138 1769 1210 1815 uon
1242 1770 1263 1816 a

165 1869 285 1920 scaena
315 1861 350 1920 et
378 1854 649 1934 histrionibus,
684 1853 753 1921 sed
786 1856 833 1921 ab
861 1857 977 1922 armis
1006 1863 1070 1920 aut
1098 1857 1215 1922 etiam
1243 1877 1264 1923 a

166 1960 360 2041 palaestra:
395 1962 486 2028 cuius
519 1961 714 2048 disciplinae
745 1983 823 2030 usus
850 1962 883 2027 in
911 1971 1053 2031 nostram
1083 1984 1184 2048 usque
1211 1986 1265 2032 ae·

166 2071 245 2134 tatem
268 2069 338 2136 sinc
361 2069 612 2155 reprehensione
636 2069 834 2140 descendit«

218 2193 261 2260 llx
279 2194 340 2262 boc
364 2196 435 2262 loco
453 2202 545 2281 patet
565 2196 710 2263 stoicos
730 2195 940 2282 philosophos
959 2196 1126 2266 vocabulis
1140 2221 1261 2286 χειρο-

166 2311 270 2385 νομεῖν
292 2309 324 2368 et
347 2308 563 2390 χειρονομία
586 2322 663 2370 usos
687 2323 768 2371 esse.

217 2426 252 2495 Il.
276 2428 380 2495 Voces
409 2428 655 2494 chironomon
685 2435 717 2494 et
741 2427 980 2495 chironomos
1004 2429 1154 2514 leguntur
1177 2430 1262 2518 apud

164 2524 254 2602 loven.
278 2542 310 2603 et
333 2535 468 2622 primum
492 2543 524 2602 et
547 2555 654 2604 unum.

273 2664 306 2743 a)
345 2662 464 2730 Partic.
507 2662 751 2728 chironomon
794 2662 903 2728 quen.
947 2661 985 2745 ll,
1024 2665 1086 2731 121
1128 2670 1263 2750 usurpat

159 2763 288 2838 rrimus
315 2769 348 2834 in
376 2768 492 2835 litteris
519 2769 659 2848 Latinis,
690 2769 729 2838 os.
758 2768 802 2836 ad
830 2768 860 2838 h.
890 2768 911 2838 l.
940 2769 1065 2838 Closs.
1095 2771 1262 2837 Graeco·

157 2859 241 2940 Lat:
275 2879 442 2965 »σχεδιάζω
469 2886 671 2965 χειρονομῶ
700 2876 826 2943 lacero«
858 2883 891 2943 et
917 2876 999 2943 Karl
1027 2878 1134 2944 Sitti:
1172 2878 1263 2944 »Die

155 2967 298 3050 Gebard
308 3005 351 3050 en
368 2983 425 3049 der
440 2983 599 3051 Criechen
613 2983 678 3051 und
693 2985 818 3051 Rbmer.
853 2984 989 3071 Leipzig
1005 2987 1100 3070 1890,
1115 3006 1145 3071 p.
1162 2987 1259 3053 242(

274 3112 307 3192 b)
334 3110 531 3177 Vocabulum
559 3109 800 3176 chironomos
829 3109 958 3178 Iuven.
984 3110 1038 3196 Vl,
1062 3112 1104 3179 63
1133 3110 1263 3179 exhibet

144 3213 260 3286 ⁸olus.

214 3341 398 3428 Quaeritur,
437 3363 520 3427 quae
557 3343 622 3409 sint
653 3363 767 3410 vocum
798 3342 849 3410 his
882 3342 1006 3411 dnobus
1039 3342 1148 3414 Iuven.
1182 3345 1262 3414 locis

144 3442 409 3534 significationes.

212 3581 244 3656 a)
269 3576 381 3642 Priore
409 3575 480 3642 loco
508 3574 701 3642 describitur
729 3596 822 3660 cena,
851 3574 893 3641 ad
918 3597 1012 3659 quam
1037 3575 1138 3643 cliens
1162 3596 1183 3644 a
1205 3598 1261 3663 pa·

143 3676 235 3751 lrono
258 3683 413 3749 invitatus
438 3691 496 3769 est,
520 3690 553 3749 et
579 3689 677 3768 poeta
704 3703 763 3769 per
785 3682 1040 3767 indignationem
1063 3683 1143 3750 dicit
1165 3708 1261 3773 χειρο-

143 3801 241 3879 νομεῖν
270 3791 303 3856 in
334 3790 480 3857 convivio
509 3790 690 3870 soissorem,
725 3789 779 3873 qui
807 3789 839 3856 in
872 3790 1022 3862 secandis
1050 3791 1131 3859 cibis
1159 3792 1260 3858 cultro

143 3913 255 3965 omnes
284 3904 391 3963 motus
424 3917 586 3964 numerum
619 3917 752 3964 servans
785 3896 876 3982 facit,
909 3896 943 3962 id
976 3896 1061 3981 quod
1095 3919 1134 3965 ex
1165 3918 1261 3965 versu

143 4009 209 4074 124
245 4005 468 4091 comperimus.
519 4004 666 4070 Formam
708 4013 991 4092 χειρονομοῦντα
1036 4040 1079 4053 -
1126 4004 1261 4073 Graecis

143 4113 227 4180 enim
248 4112 364 4179 litteris
385 4112 556 4178 scribenda
571 4119 622 4179 est
643 4150 679 4160 -
705 4131 778 4178 esse
796 4131 901 4178 accus.
922 4112 1033 4197 partic.
1049 4132 1155 4199 praes.
1171 4113 1261 4179 verbl

143 4229 373 4309 χειρονομεῖν
397 4225 544 4304 apertum
568 4224 625 4286 est.
662 4219 812 4285 Forsitan
835 4218 1020 4284 Iuvenalem
1045 4219 1080 4302 V,
1106 4222 1167 4288 121
1192 4219 1261 4286 imi·

144 4335 228 4395 tetur
253 4326 421 4412 Apolliu.
451 4325 580 4392 Sidon.
610 4326 704 4411 epist.
738 4326 873 4404 1V,72:
907 4323 1071 4414 [Sidonius
1095 4326 1261 4414 Simplicio

143 4455 203 4502 suo
227 4429 379 4520 salutem]
404 4432 543 4500 »Videre
566 4432 644 4499 mihi
663 4433 784 4516 videor,
810 4441 844 4501 ut
867 4432 986 4499 homini
1010 4453 1195 4519 nouusque
1217 4434 1261 4501 ad
