2828 5002
657 392 700 463 49

145 611 198 656 em
223 590 258 656 b.
284 589 307 658 l.
332 588 438 674 agitur
466 589 507 657 de
530 591 704 676 praefestis
727 589 893 676 Romanis,
922 590 976 676 qui
999 590 1182 676 provincias
1206 595 1239 658 et

145 719 227 764 uum
254 697 378 764 inoolas
402 697 603 784 expilabant,
636 705 671 765 ut
698 699 752 765 vix
776 705 970 785 superesset,
1002 697 1087 766 unde
1119 697 1239 783 singuli

145 805 372 891 rvigationem,
395 825 479 890 quae
503 805 558 871 illo
581 812 724 892 tempore
748 806 829 873 satis
851 826 970 890 magno
992 805 1173 890 constabat,
1197 805 1238 872 of.

146 912 253 978 uoiau.
292 912 399 996 navig.
434 914 489 992 15,
522 932 553 998 p.
585 914 660 992 258,
699 913 732 979 iu
768 914 878 980 urbem
916 913 1117 980 conficerent.
1178 912 1240 980 uio

145 1039 232 1086 ersus
265 1019 363 1085 etiam
394 1018 573 1086 illustratur
604 1020 810 1105 proverbio
843 1020 1012 1087 Galliooz
1048 1021 1096 1086 »ΙΙ
1128 1026 1178 1087 est
1210 1018 1239 1086 si

145 1146 242 1193 rauvre
266 1126 343 1210 qu'il
365 1127 417 1191 n'a
439 1146 500 1212 pas
524 1125 566 1194 de
588 1127 664 1212 quoi
687 1147 802 1213 passer
824 1127 940 1196 ieeur
1151 1117 1153 1119 ’

189 1233 351 1300 Iuvenalis
374 1253 484 1300 vooem
509 1235 675 1313 naulum,
699 1255 794 1320 quam
818 1255 886 1321 per
908 1235 1031 1302 iooum
1051 1234 1170 1302 saturis
1190 1235 1237 1300 iu·

145 1342 230 1420 seruit,
263 1341 401 1426 sumpsit
433 1361 478 1407 ex
504 1361 573 1408 nsn
602 1342 830 1424 oommeroii‚
864 1341 950 1426 quod
983 1342 1136 1409 Romanis
1169 1362 1240 1408 oum

145 1447 199 1514 aliis
227 1449 378 1531 gentibus
406 1447 637 1516 intersedebat.
684 1450 790 1535 Atque
823 1470 863 1517 ea
894 1449 1125 1535 posterioribus
1156 1450 1241 1517 litte·

145 1573 229 1621 arum
251 1555 440 1620 Latinarum
469 1556 666 1641 temporibus
694 1557 821 1624 videtur
847 1556 991 1641 vulgaris
1019 1565 1052 1624 et
1073 1556 1241 1643 popularis

145 1657 238 1744 inisse,
271 1662 324 1729 oui
350 1662 397 1728 rei
425 1669 501 1730 sunt
524 1663 707 1730 testimonio
730 1663 890 1731 voeabula
912 1664 1079 1748 naulage
1102 1665 1240 1731 Franco·

145 1765 283 1836 Gallicum
307 1774 340 1838 et
362 1771 532 1854 naniage
554 1770 789 1858 Britannicum,
817 1792 901 1856 quae
928 1772 1025 1839 etiam
1047 1771 1110 1838 bau
1133 1776 1241 1839 aetate

145 1872 167 1940 in
184 1876 243 1945 iilis
265 1878 386 1963 linguis
411 1884 547 1946 exstant

552 2041 658 2109 oreris
683 2037 814 2128 [tpebei.

195 2163 244 2250 VI,
259 2167 351 2235 4282.
372 2165 708 2251 ...,[oenopbornm],
736 2165 797 2233 »de
821 2187 884 2250 quo
909 2166 1069 2233 sextarius
1093 2165 1175 2232 alter

361 2271 497 2337 Duoitur
516 2281 591 2339 ante
610 2273 716 2338 eibum
736 2273 883 2338 rabidam
904 2274 1046 2340 fauturus
1067 2273 1239 2341 orexim«

194 2378 245 2465 xl,
262 2381 340 2447 127:
371 2378 551 2448 ...ubine
567 2379 619 2463 [ex
634 2379 779 2446 luxuriae
794 2381 964 2466 apparatu]
981 2381 1084 2464 surgit
1099 2380 1241 2465 orexis,

362 2485 448 2552 Hine
471 2486 638 2553 stomaoho
662 2487 765 2570 vires3
788 2506 863 2552 nam
886 2507 946 2572 pes
969 2493 1142 2572 argenteus
1166 2485 1240 2569 illis,

362 2592 486 2660 Anulus
510 2593 542 2658 in
567 2592 669 2679 digito
693 2592 779 2678 quod
802 2593 973 2664 ferreus«.
987 2646 1017 2664 ..

196 2699 317 2766 Sobol.
342 2700 385 2765 ad
409 2700 441 2770 b.
464 2700 500 2767 l.:
535 2699 672 2768 »Libido
696 2700 850 2769 vescendi
873 2701 947 2768 bino
971 2701 1113 2770 delectat
1136 2702 1241 2769 eibum
1344 2695 1348 2703 ’

148 2817 250 2895 tapete,
274 2809 302 2876 si
326 2828 439 2875 mensa
463 2816 513 2876 est
536 2811 707 2880 eburnea«
899 2803 902 2807 ’

485 2935 526 3000 In
550 2935 697 3003 litteris
721 2935 886 3003 Graecis

152 3040 319 3107 vooubulum
342 3041 445 3128 ὄρεξις,
474 3042 560 3126 quod
585 3044 835 3128 intellegendum
859 3051 910 3111 est
932 3042 1168 3110 desiderium
1191 3044 1244 3109 vel

150 3147 322 3230 cupiditas
345 3150 398 3217 vel
420 3150 636 3236 appetitus,
660 3150 735 3217 soli
753 3171 894 3238 prosae
914 3151 1103 3218 orationis
1122 3150 1242 3236 serip-

150 3248 230 3322 iores
264 3257 352 3341 iique
387 3256 572 3343 pbilosopbi
609 3258 761 3325 exhibent
797 3259 908 3325 Plato
947 3258 1040 3324 defin.
1077 3279 1109 3344 p.
1138 3261 1204 3325 413
1215 3278 1242 3327 u.

150 3353 228 3427 4141).
269 3364 428 3430 Aristot.
458 3364 536 3432 rhet.
565 3366 589 3445 I,
620 3364 997 3451 10,3[11‚p.1369a].
1049 3365 1242 3434 Plutarch.

151 3454 179 3526 dt
200 3470 314 3536 tuenda
342 3471 484 3538 sanitate
511 3480 675 3558 praecept.
700 3493 726 3539 o.
753 3477 783 3554 7,
817 3480 895 3541 extr.
925 3480 958 3540 et
986 3476 1017 3552 8,
1048 3479 1127 3539 extr.
1154 3469 1242 3560 [mor.

151 3582 173 3647 i·
196 3578 278 3646 1262
306 3585 339 3645 et
367 3577 414 3664 d]‚
447 3599 475 3646 o.
511 3583 560 3665 18,
592 3600 625 3665 p.
658 3580 700 3645 in.
736 3579 776 3666 [p.
811 3580 926 3664 133b];
958 3587 1084 3664 quaest.
1118 3580 1242 3649 oonviv.

152 3669 190 3760 Vl,
216 3689 245 3767 2,
280 3689 309 3772 l,
336 3688 359 3754 4
397 3683 484 3774 [mor.
524 3708 556 3772 p.
590 3687 715 3772 68'id];
753 3691 788 3754 6:
827 3686 1031 3776 [Δριμὺτητες]
1071 3693 1142 3755 »τὸν
1178 3695 1243 3753 στό·

151 3800 241 3877 taxeo.
254 3846 285 3862 ..
326 3793 497 3879 ἀνοίγουσαι
523 3799 576 3860 καὶ
602 3797 741 3882 χαλῶσαι
768 3798 906 3884 δεκτικήν
932 3819 997 3862 τινα
1023 3808 1133 3884 τροφῆς
1159 3792 1243 3882 abep-

151 3899 250 3969 ubertus
271 3907 516 3988 περιειργάσαντο
539 3906 607 3989 περὶ
630 3900 726 3983 αὐτόν,
749 3903 786 3990 ἣν
808 3902 922 3990 ὄρεξιν
944 3905 1127 3991 καλοῦμεν.«

497 4028 538 4093 Iu
561 4027 706 4094 litteris
728 4028 880 4094 Latinis

152 4135 200 4193 ib!
217 4134 344 4202 orexin
366 4141 497 4220 praeter
520 4134 579 4202 bos
602 4136 711 4202 iuven.
735 4136 825 4201 looos
848 4134 1008 4200 iuvenitur
1031 4135 1118 4220 apud
1142 4134 1243 4200 solum

153 4224 213 4307 tu
232 4240 425 4328 namprru.
453 4242 623 4326 perrogas.
646 4243 767 4327 xxix,
792 4245 827 4309 9:
863 4241 1024 4307 »Amabat
1049 4242 1112 4329 sini
1139 4243 1245 4328 pretia

154 4342 255 4415 IIaiore
276 4349 341 4416 dioi
366 4369 476 4416 eurum
491 4369 605 4430 rerum,
630 4370 714 4433 quae
731 4369 865 4416 mensae
882 4350 1089 4435 parabantur,
1112 4350 1245 4418 orexin

158 4453 277 4522 tunuirio
310 4458 394 4524 bano
428 4476 501 4524 esse
532 4456 720 4526 adserens«
771 4458 842 4524 Hoo
878 4457 950 4524 iooo
987 4458 1115 4524 oreris
1152 4457 1246 4523 inter-

196 4551 280 4606 unru.
1069 4565 1088 4618 4
