2858 5002
568 369 612 435 33

483 458 696 468 -ο--υ--ι

97 560 235 629 Omnino
262 562 383 629 fallitur
406 564 533 631 Weise
561 564 582 630 Ι.
606 564 626 630 l.
651 586 683 650 p.
709 568 787 632 199:
825 564 934 631 ›Auch
960 587 1038 650 mag
1064 564 1152 633 noch.

41 669 178 735 erwdhnt
214 669 344 736 werden
381 670 439 737 der
476 654 569 751 hehe,
606 672 830 756 kanzelartige
862 673 930 740 Sita
959 671 1017 748 ¹ittr
1053 673 1147 739 einen
1184 657 1186 661 ¹

43 777 243 844 rorlesenden
280 777 427 860 Dichter,
472 778 535 845 den
575 799 651 845 man
692 780 908 846 anabathra
953 781 1145 848 benenom«

47 881 213 952 Weidner
248 885 291 951 ad
328 886 358 955 h.
391 885 411 953 l.
445 887 601 972 explicat:
641 888 728 954 »Dor
759 886 911 972 Aufstieg
946 886 1146 974 (ἀνάβαθρον)

10 1044 14 1053 .
51 989 144 1058 erhebt
166 993 236 1061 sich
259 993 320 1059 auf
337 993 478 1076 Balken,
511 994 573 1060 wie
601 996 653 1062 ein
677 995 737 1061 anf
755 996 959 1062 schwachem
981 995 1148 1062 Unterbau

14 1166 17 1175 ,
52 1096 244 1166 hafindliches
268 1101 438 1186 (pendens)
463 1101 669 1171 tabulatum<

16 1210 22 1281 ξ
103 1206 158 1273 His
195 1207 513 1293 interpretationibus
554 1210 636 1277 haee
676 1230 729 1276 res
766 1208 865 1276 dubia
906 1230 969 1274 non
1006 1205 1149 1276 dilucide

10 1335 18 1376 r
57 1309 220 1400 illustratur,
242 1335 346 1399 neque
369 1316 468 1384 totius
490 1316 600 1387 quen.
624 1317 687 1384 looi
711 1323 768 1383 aut
790 1316 890 1384 schol.
915 1316 959 1383 ad
977 1315 1008 1383 b.
1022 1317 1044 1383 l.
1067 1315 1148 1384 satis

13 1421 18 1480 ¹.
55 1418 116 1486 ratio
138 1421 283 1492 hahetur.

10 1549 15 1564 ²
103 1529 201 1596 Recta
223 1536 331 1596 antem
359 1530 578 1617 interpretatio
606 1530 748 1617 petenda
776 1539 826 1598 est
853 1552 874 1597 a
902 1530 1071 1614 singulis
1094 1550 1149 1596 ro·

56 1635 142 1702 eubuli
165 1637 283 1706 Graeci
309 1637 470 1725 ἀνάβαθρα
492 1640 688 1724 partibus,
722 1646 771 1706 cst
794 1639 887 1723 enim,
915 1645 951 1704 ut
973 1657 1054 1705 voce
1076 1636 1148 1724 ipsa

56 1737 232 1832 declaratur,
265 1746 521 1824 instrumentum,
554 1747 588 1812 in
616 1767 678 1831 quo
707 1747 758 1812 vel
787 1746 819 1811 in
843 1745 929 1831 quod
953 1744 1148 1815 ascenditur.
1212 1776 1215 1785 ·

56 1843 110 1924 Qua
138 1851 179 1921 de
213 1872 314 1919 causa
347 1853 455 1921 Weiss
487 1855 507 1922 l.
540 1854 559 1923 l.
591 1854 773 1920 anabathra
805 1852 917 1920 definit
950 1852 1028 1920 »der
1056 1852 1149 1939 hohe,

56 1953 257 2045 lanzelartige
271 1944 339 2028 Sita
355 1962 406 2027 fiir
421 1962 514 2028 einen
528 1961 740 2029 rorlesenden
754 1961 920 2031 Dichter«.
954 1961 1020 2028 Sed
1031 1981 1070 2027 ex
1081 1967 1148 2026 toto

56 2061 197 2138 luvenalis
224 2070 391 2136 verborum
421 2076 572 2136 contextu
600 2078 632 2136 et
659 2069 770 2135 Thom.
795 2070 890 2137 Thes.
919 2069 939 2134 l.
966 2068 986 2137 l.
1014 2074 1150 2154 apparet

56 2176 249 2242 anabathra
281 2175 531 2260 intellegendum
561 2197 634 2244 esse
661 2177 781 2243 altum
814 2177 1003 2263 pulpitum
1030 2176 1150 2241 forma

10 2324 14 2359 ᾗ
56 2283 324 2368 amphitheatri,
359 2284 458 2367 quod
488 2291 571 2350 erat
602 2285 639 2350 in
672 2284 847 2350 trabibus
876 2282 1066 2349 scalarum
1094 2284 1148 2348 in·

10 2364 13 2439 i
56 2393 118 2454 star
138 2398 374 2458 exstructum
398 2397 433 2456 et
456 2391 701 2458 auditoribus
726 2390 972 2457 destinatum.

105 2499 215 2565 Totins
234 2498 297 2565 loci
321 2497 485 2590 sententia
499 2506 549 2564 est
570 2497 668 2564 haec:
692 2498 793 2565 Nemo
809 2503 1015 2583 patronorum
1034 2503 1150 2582 poetae

57 2605 177 2672 carmina
213 2606 363 2672 recitanti
399 2612 522 2671 tantum
558 2605 693 2692 pendet,
734 2605 846 2689 quanti
890 2604 965 2671 huic
1002 2612 1151 2670 constant

56 2725 167 2780 scamna
191 2720 223 2780 et
250 2714 428 2780 tabulatum
453 2712 611 2805 gradibus
638 2713 838 2798 instructum,
871 2712 904 2777 in
932 2731 994 2797 quo
1018 2732 1151 2778 soamna

56 2816 276 2887 collocabantur
313 2859 357 2866 —
390 2821 476 2904 quod
513 2821 641 2907 quidem
677 2820 836 2906 pulpitum
869 2827 1069 2906 compactum
1101 2826 1151 2885 est

56 2937 84 2985 tx
118 2928 277 3013 trabibus,
318 2949 376 3013 pro
418 2929 532 3012 quibus
572 2928 711 3014 pecunia
752 2934 803 2994 est
843 2926 999 2993 solvenda
1040 2963 1082 2974 —
1119 2933 1152 2993 et

53 3030 211 3116 orchestra,
249 3055 346 3120 qnam
379 3043 486 3102 orator
519 3035 571 3103 vel
602 3045 700 3121 poeta
727 3055 785 3102 suo
814 3041 942 3120 sumptu
968 3034 1151 3121 ponendam

50 3147 137 3227 curat,
159 3143 222 3211 ie.
247 3151 303 3208 ant
325 3141 400 3209 vela
423 3150 480 3209 aut
502 3149 657 3224 tesserae,
681 3142 714 3208 in
738 3142 853 3226 quibus
876 3141 1030 3208 nobilium
1050 3142 1152 3208 sellae

46 3249 279 3336 constituuntur,
312 3270 396 3335 quae
427 3250 568 3317 utendae
599 3252 641 3316 ab
673 3250 749 3316 aliis
780 3249 919 3315 traditae
952 3256 1028 3335 post
1059 3269 1150 3316 usum

37 3356 250 3429 rehortandae
274 3364 356 3426 sunt.

173 3538 421 3622 *xerampelina
446 3536 497 3617 (el.
520 3559 552 3623 p.
579 3539 620 3603 19
644 3533 733 3623 adn.)
758 3532 1003 3624 [tapapclloal
1064 3486 1069 3494 .

92 3673 156 3765 VI,
170 3682 251 3749 519:
278 3679 429 3748 ’Grande
453 3687 548 3746 sonat
570 3678 733 3763 metuique
756 3678 844 3746 iubet
868 3679 993 3764 [ingens
1013 3679 1151 3764 semivir,

408 3788 562 3855 Bellonae
580 3787 748 3855 Asiaticae
766 3785 939 3871 sacerdos]
961 3787 1151 3873 septembris

835 3900 868 3959 et
890 3894 992 3960 austri

272 4002 467 4083 Adventum,
497 4002 560 4070 nisi
590 4023 625 4069 se
654 4007 780 4069 centum
808 4001 967 4086 [matrona
994 4001 1151 4084 Romana]

833 4107 1018 4175 lustraverit
1042 4107 1111 4173 ovis

271 4216 313 4283 Et
334 4217 626 4304 xerampelinas
650 4223 775 4282 veteres
799 4215 968 4282 donaverit
989 4215 1062 4300 ipsi,

272 4324 315 4392 Ut
339 4323 495 4409 quidquid
518 4324 614 4392 subiti
644 4331 677 4392 et
704 4324 813 4408 magni
837 4322 1030 4390 discriminis
1053 4323 1153 4389 instat

274 4433 310 4498 ln
332 4430 459 4500 tunicas
483 4439 545 4518 eat,
568 4438 601 4499 et
621 4437 721 4498 totum
745 4431 856 4510 semel,
870 4430 979 4517 expiet
1002 4450 1151 4497 annum«
