2828 5002
578 369 619 435 13

29 563 164 649 aperire
200 563 348 631 volumus
387 583 494 646 neque
536 563 707 647 quicquam
749 562 839 629 alind
876 569 1062 648 spectamus
1098 564 1162 631 nisi

30 678 67 736 nt
96 690 152 750 ea,
187 669 304 754 quibus
338 668 451 736 intimo
483 669 591 735 animo
623 689 805 755 movemur,
833 670 1031 756 explicemus
1063 678 1163 755 atque

31 777 185 845 oratione
207 775 440 843 describamus.

101 882 170 951 Sed
186 882 221 949 in
240 882 332 950 libris
351 882 398 949 de
417 881 671 969 philosophia
690 881 882 968 conscriptis
897 882 1009 950 Cicero
1025 884 1058 949 in
1072 903 1162 951 usur·

32 989 155 1077 pandis
178 990 315 1058 vocibus
345 989 481 1058 Graecis
509 997 560 1057 est
587 989 803 1061 cautissimus.
849 989 922 1057 Non
950 989 1035 1056 enim
1062 991 1163 1057 utitur

33 1097 97 1164 nisi
122 1097 220 1164 artis
239 1097 443 1164 vocabulis
465 1096 625 1163 Graecis
649 1104 707 1163 aut
725 1097 775 1176 iis,
800 1117 884 1180 quae
903 1096 952 1163 ad
970 1117 1032 1164 res
1050 1096 1160 1165 insti·

33 1213 199 1288 tntaque
222 1204 374 1272 Graeca
401 1204 578 1291 pertinent,
612 1210 648 1270 ut
675 1224 716 1270 ea
743 1224 815 1270 eum
842 1204 969 1270 Latinis
997 1212 1163 1291 comparet

33 1320 94 1378 ant
116 1317 225 1379 vertat
245 1318 303 1378 aut
317 1310 471 1397 explicet3
495 1311 572 1395 quin
587 1310 686 1378 etiam
700 1310 863 1378 interdum
875 1311 976 1378 libere
991 1311 1162 1378 confitetur

33 1418 92 1502 (de
115 1417 171 1488 un.
195 1419 252 1503 111,
269 1421 301 1498 4,
324 1421 377 1510 lb)
406 1417 556 1485 idoneum
579 1419 772 1484 vocabulum
795 1417 960 1502 Latinum,
988 1438 1051 1502 quo
1075 1417 1162 1485 idem

32 1523 249 1610 significetur,
265 1524 351 1609 quod
366 1523 494 1592 Graeca
509 1545 591 1591 voce
602 1524 799 1611 exprimitur,
821 1544 885 1590 non
899 1544 996 1611 posse
1010 1525 1160 1594 inveniri.

32 1633 143 1717 Atque
165 1637 291 1699 tantum
319 1633 428 1711 abest,
460 1637 497 1697 ut
524 1630 637 1716 lingua
661 1631 781 1697 Latina
807 1630 975 1698 vocabulis
1003 1630 1159 1711 abundet,

33 1744 69 1805 ut
92 1739 193 1804 etiam
216 1738 387 1806 Lucretius
410 1736 452 1803 de
474 1757 535 1807 rer.
559 1745 627 1804 nat.
646 1735 672 1822 1,
695 1739 776 1823 8323
800 1737 856 1822 III,
880 1740 947 1805 260
970 1737 1016 1804 de
1039 1739 1160 1824 patrii

33 1845 226 1915 sermonis
253 1850 433 1929 egestate
465 1851 578 1932 aperte
606 1851 772 1928 queratur,
807 1842 848 1912 cl.
878 1844 975 1910 stiam
1004 1844 1070 1911 (lic.
1100 1866 1160 1930 pro

33 1952 181 2020 Caecina
201 1950 321 2035 xvflr,
344 1953 400 2021 51.

101 2058 141 2125 In
164 2057 257 2126 libris
279 2056 419 2143 denique
437 2057 649 2125 rhetoricis
674 2064 706 2125 et
727 2057 761 2125 in
785 2058 1029 2126 orationibus
1049 2058 1162 2126 Cicero

34 2186 76 2233 ex
94 2165 209 2250 lingua
230 2167 359 2232 Graeca
377 2164 578 2252 deprompsit
601 2184 658 2232 eas
682 2165 857 2251 praecipue
875 2186 984 2245 voces,
1009 2185 1093 2249 quae
1112 2163 1162 2231 ad

33 2293 98 2341 res
122 2272 296 2341 Graecas
319 2277 477 2358 spectant,
501 2279 558 2338 aut
581 2271 715 2349 adeas,
739 2273 855 2356 quibus
870 2272 1008 2356 cognitis
1023 2272 1162 2339 Romani

34 2381 168 2448 Graeca
201 2400 329 2465 quoque
356 2379 503 2464 nomina,
535 2378 653 2463 quibus
681 2386 778 2446 antea
810 2379 939 2446 fuerant
968 2385 1097 2464 notata,
1129 2380 1162 2444 in

33 2486 182 2571 linguam
206 2486 356 2565 Latinam
374 2493 573 2571 receperant,
596 2491 631 2552 ut
653 2485 847 2551 voeabula
870 2486 968 2552 artis
993 2494 1031 2552 et
1052 2486 1162 2551 luxu·

34 2594 128 2661 riae.
175 2592 311 2679 Semper
342 2599 449 2658 summ
483 2591 597 2658 dicero
629 2590 776 2677 videbat,
811 2612 858 2660 ne
890 2612 1013 2659 sermo
1046 2592 1163 2659 fieret

34 2701 240 2784 obscurus,
275 2699 304 2766 si
332 2719 445 2766 omnes
469 2699 618 2765 notiones
642 2697 789 2766 Graecae
812 2697 846 2765 in
869 2691 1008 2766 Latinas
1029 2719 1162 2767 conver·

34 2812 190 2874 terantur.
229 2803 302 2883 Qua
325 2804 367 2871 de
390 2824 500 2885 causa,
524 2825 567 2871 ne
590 2805 746 2873 orationis
758 2805 959 2873 distinctioni
982 2826 1022 2871 ac
1037 2806 1162 2892 perspi·

34 2913 150 2981 cuitati
174 2919 231 2979 aut
255 2912 406 2979 brevitati
426 2914 459 2978 in
473 2932 581 2980 rerum
595 2910 776 2979 diltioilium
791 2913 1009 2999 explicatione
1022 2919 1162 2997 noceret,

34 3020 198 3106 permulta
220 3018 349 3087 Graeca
370 3038 476 3086 rerum
500 3019 631 3086 nomina
652 3020 686 3084 in
710 3019 839 3105 scriptis
862 3019 1003 3093 retinuit.

33 3224 95 3282 111.
135 3222 238 3293 Quas
275 3235 337 3280 res
376 3222 429 3282 ad
470 3235 596 3282 usum
635 3222 986 3295 uniuscuiusque
1023 3234 1162 3281 voea-

136 3329 229 3389 bull
256 3328 413 3388 Graeci
443 3335 569 3388 recte
596 3328 950 3398 intellegendum
974 3329 1161 3389 accedere

552 3444 742 3509 oporteat.

105 3552 218 3629 Habes
233 3542 420 3641 praecepta,
444 3573 530 3637 quae
548 3553 581 3620 in
600 3553 923 3620 commentationibus
937 3551 979 3620 de
992 3552 1162 3620 vocabulis

35 3659 176 3727 Graecis
191 3659 390 3744 singulorum
402 3661 594 3745 scriptorum
606 3660 792 3726 Latinorum
806 3660 956 3726 omnino
971 3659 1162 3745 spectanda,

35 3765 171 3835 anullo
195 3773 303 3833 antem
326 3768 464 3832 virorum
489 3765 654 3833 doctorum
679 3767 760 3834 satis
783 3773 933 3852 respecta
956 3773 1041 3835 sunt.

105 3872 173 3941 Sed
205 3873 239 3938 in
271 3873 528 3959 contemplandis
555 3872 725 3955 singulis
757 3874 891 3940 vocibus
924 3872 1059 3939 Graecis
1092 3894 1163 3959 per·

36 3979 272 4067 quirendisquc
295 3979 394 4046 ctiam
413 3978 637 4047 observandae
660 3988 736 4045 sunt
752 3978 934 4064 complures
953 3980 1053 4064 leges,
1078 3999 1163 4063 quac

36 4088 131 4173 ipsas
170 4105 298 4171 quoqne
334 4086 368 4153 in
404 4085 524 4152 libellis
566 4085 707 4152 virorum
741 4085 907 4153 doctorum
946 4085 988 4152 de
1029 4085 1091 4151 hac
1128 4105 1164 4152 re

35 4193 230 4282 compositis
257 4212 389 4278 prorsus
417 4191 588 4276 neglectae
620 4197 703 4259 sunt.
760 4190 963 4277 Quamquam
996 4189 1162 4258 fatendum

35 4310 100 4383 est,
132 4300 163 4368 si
189 4300 337 4383 quaestio
360 4299 406 4367 ita
429 4299 628 4383 instituatur,
657 4306 706 4383 ut,
736 4297 897 4382 quomodo
921 4318 999 4365 usus
1023 4299 1160 4364 vocabu·

33 4410 137 4476 lorum
161 4407 361 4474 Graecorum
381 4404 470 4490 apud
493 4405 634 4490 aliquem
658 4406 846 4491 scriptorem
869 4406 1018 4471 Latinum
1042 4405 1085 4472 sit
1109 4426 1160 4473 ex-
