2828 5002
583 333 621 396 ll

324 525 355 589 3.
380 524 461 588 Tum
486 525 779 609 computandum
804 533 876 604 est,
950 543 952 548 ·
1007 596 1010 601 Δ

100 634 135 706 a)
100 635 254 712 aquot
273 629 359 714 apud
379 629 463 697 huno
477 632 668 716 scriptorem
682 633 832 705 Latinum
852 653 970 700 voees
989 593 1163 700 Graecae

31 737 202 819 legantur,
237 743 271 802 et
301 744 424 819 quanta
451 737 494 803 sit
525 739 724 823 proportio
759 740 899 805 omnium
930 739 1160 806 vocabulorum

32 842 236 908 Graecorum
261 843 420 910 collatis
444 845 605 910 vocibus
628 845 783 911 Latinis
806 852 839 911 et
895 886 898 891 »

101 950 136 1032 h)
161 970 246 1032 quae
270 949 314 1015 sit
336 949 419 1015 ratio
443 950 635 1016 adhibitis
660 958 698 1016 et
720 951 879 1018 collatis
902 953 1073 1019 numeris
1095 973 1161 1018 vo-

31 1056 259 1121 cabulorum
288 1055 532 1133 Graecorum,
566 1057 704 1140 quihus
738 1058 953 1143 seriptores
986 1058 1159 1125 eiusdem

30 1164 262 1229 litterarum
285 1163 512 1230 Latinarum
535 1164 695 1248 generis
719 1171 884 1234 utuntur.

100 1270 150 1334 Ex
166 1269 228 1335 hae
242 1288 445 1336 numerorum
455 1269 629 1338 oollatione
639 1269 737 1338 facile
750 1271 965 1356 intellegetur,
980 1278 1164 1356 quantum

30 1377 95 1443 hio
125 1377 294 1462 scriptor
322 1377 597 1444 vooahulorum
627 1378 859 1445 Graecorum
892 1399 961 1446 usn
990 1381 1036 1444 ab
1065 1379 1160 1446 aliis

30 1482 211 1564 differat,
241 1490 278 1549 et
301 1491 471 1567 quantae
494 1504 575 1549 eum
597 1484 647 1550 iis
675 1484 956 1552 similitudines
980 1486 1015 1552 ei
1038 1486 1158 1552 inter·-

29 1590 184 1656 eedant
1159 1664 1162 1669 ,

98 1698 142 1761 lu
165 1696 237 1763 hae
260 1697 551 1783 comparatione
579 1697 822 1764 instituenda
849 1699 949 1764 ratio
976 1698 1156 1773 habenda

28 1804 107 1870 erit
143 1802 327 1871 diversae
364 1804 556 1870 orationis
593 1805 630 1870 in
667 1825 738 1872 usu
774 1803 1013 1881 diversorum
1050 1807 1158 1872 litte-

26 1929 158 1976 rarum
180 1911 403 1976 Latinarum
428 1930 625 1994 generum3
648 1932 723 1976 nam
746 1912 879 1977 multum
902 1912 987 1978 iuter
1005 1933 1042 1979 se
1065 1912 1157 1978 niffe-

26 2023 105 2083 runt
128 2016 248 2099 singuli
276 2016 452 2102 scriptores
479 2017 587 2083 Latini
616 2037 730 2084 vonum
760 2018 957 2084 Graecarum
982 2039 1050 2089 usu.
1096 2020 1157 2085 Hie

26 2130 80 2189 est
104 2123 191 2189 alius

96 2231 155 2312 aa)
182 2230 220 2295 in
242 2232 367 2317 poesi:

184 2336 218 2423 α)
243 2337 408 2404 elatiore
432 2337 614 2421 (tragoedia
638 2344 669 2402 et
693 2337 835 2404 earmiue
859 2338 975 2424 epieo)‚

189 2447 219 2528 β)
242 2442 418 2528 pedestri
451 2442 647 2528 (comoedia,
679 2451 804 2523 satura,
834 2445 927 2528 poesi
955 2445 1089 2510 ioculari
1123 2453 1156 2510 et

245 2551 434 2633 cavillanti),
459 2550 542 2616 alius

95 2657 152 2737 hh)
182 2655 218 2721 in
243 2676 359 2741 prosa
383 2657 574 2723 oratione:

182 2767 215 2841 α)
239 2761 422 2846 historia;

187 2873 218 2953 β)
242 2870 483 2953 eloquentia;

185 2982 215 3057 r)
240 2976 386 3042 litteris
410 2997 453 3041 ao
479 2976 723 3063 disciplinis:

245 3085 298 3164 αα)
322 3091 407 3149 arte
443 3085 693 3166 grammatica
735 3091 768 3149 et
805 3082 1018 3169 diseipliua
1056 3106 1153 3151 oom-

322 3188 500 3273 pluribus
528 3193 680 3256 artihus
714 3201 750 3257 et
774 3192 898 3256 variis
922 3191 1154 3259 eruditioni·

323 3296 393 3361 hus
418 3305 570 3382 ornata,

247 3403 297 3484 ββ)
320 3409 404 3467 arte
427 3402 637 3488 rhetorica,

246 3511 295 3592 γγ)
319 3507 586 3594 philosophia,

251 3616 296 3696 δδ)
321 3613 548 3701 disciplinis
573 3616 778 3701 teehuiois,
802 3638 885 3701 quae
908 3627 1078 3700 uocantum
1157 3656 1162 3663 ·

188 3722 216 3801 δ)
239 3741 355 3805 prosa
383 3723 528 3788 oratioue
557 3725 732 3789 narranti
761 3731 797 3790 et
820 3724 1050 3810 ohleutanti,
1079 3729 1098 3794 i
1124 3749 1158 3798 e.—

241 3826 378 3895 historia
401 3829 550 3895 sabulosa
574 3837 607 3895 et
630 3829 788 3914 epistulis.

87 3935 135 4000 Ut
159 3952 228 3999 rem
253 3936 401 4020 exemplo
424 3936 589 4016 illustrem,
620 3937 803 4003 summatim
827 3904 959 4004 Plauti
983 3946 1016 4005 et
1041 3939 1150 4006 Oloe-

18 4041 128 4107 ronis
164 4040 198 4104 in
233 4041 415 4107 nominibus
447 4042 656 4127 appellativis
687 4042 821 4108 Graecis
851 4045 1047 4129 usurpandis
1076 4065 1151 4111 eon·

19 4147 231 4215 suetudinem
255 4167 446 4233 eomparare
469 4151 588 4234 planet

85 4255 257 4320 Plautus
284 4254 440 4339 imprimis
468 4264 641 4341 propterea
670 4256 804 4322 vooibus
833 4257 969 4323 Graecis
993 4260 1152 4345 utebatur,

20 4363 110 4446 quod
136 4361 211 4426 eius
230 4358 345 4427 aetatu
373 4362 508 4446 lingua
529 4364 670 4429 Latina
693 4362 856 4429 nondum
880 4372 964 4430 erat
987 4373 1062 4431 tam
1086 4387 1152 4433 ex-
