2828 5002
822 340 867 403 90

284 530 470 616 praecipue,
496 550 656 598 essenon
680 531 728 596 ita
751 551 858 597 rarum
877 530 971 598 docet
994 530 1287 599 Friedlaender:
1310 529 1375 599 Sd.
1400 557 1403 564 ·

282 639 318 702 Ι6
376 688 384 705 .
477 688 485 705 .

320 638 545 825 'dteddffifera
579 751 613 811 ut
645 742 690 812 de
717 745 886 811 vocabulis
916 745 1063 822 Graecis,
1098 766 1183 830 quae
1216 746 1258 812 ad
1283 745 1368 832 poetae

285 850 395 917 studia
419 850 582 918 rhetorica
596 850 768 918 referenda
792 858 875 929 sunt,
899 851 1108 918 iudicandum
1132 860 1184 920 est
1208 852 1248 920 de
1269 850 1368 920 vocibus
1409 860 1413 886 2

285 958 420 1024 Graecis
444 957 488 1023 ad

692 1065 720 1135 γ)
738 1065 998 1136 philosophiam

282 1170 533 1257 pertinentibus,
567 1192 630 1255 quo
662 1172 840 1238 litterarum
874 1173 1072 1239 Graecarum
1106 1192 1226 1256 genere
1257 1172 1372 1238 honines

283 1299 359 1344 vere
381 1279 519 1344 Romani
542 1299 705 1363 nunquam
719 1278 975 1346 delectabantur.
1012 1279 1176 1346 Iuvenalis
1200 1300 1275 1346 vero
1292 1286 1373 1346 aelate
1394 1299 1414 1323 <¹

282 1386 364 1451 haec
393 1384 502 1451 studia
530 1393 623 1452 erant
648 1387 714 1452 iam
744 1385 827 1453 adeo
856 1393 1050 1472 pervagata,
1082 1394 1118 1452 ut
1145 1407 1210 1453 non
1240 1388 1332 1454 solun
1352 1385 1373 1466 ii,

283 1493 337 1576 qui
361 1511 402 1557 ea
420 1492 663 1578 profitebantur,
688 1493 747 1560 sed
767 1513 877 1560 omnes
898 1493 965 1560 fere
984 1493 1141 1578 homines,
1167 1494 1265 1560 etiarn
1282 1491 1373 1558 indocti

1391 1079 1407 1109 t!

282 1601 336 1685 (H,
360 1600 478 1686 4-7),
509 1598 575 1665 illis
607 1619 740 1685 operam
772 1599 897 1668 darent.
943 1599 995 1665 Ad
1032 1600 1116 1667 hanc
1154 1621 1222 1667 rem
1254 1604 1402 1686 spectant

282 1706 441 1773 vocabula
465 1707 592 1772 Graeca
615 1727 647 1792 p.
673 1710 731 1774 68:
755 1711 783 1792 β,
808 1709 843 1772 δδ
866 1714 899 1773 et
920 1728 951 1793 p.
976 1711 1029 1793 Π,
1051 1707 1073 1772 d
1099 1715 1294 1775 enumerata.
1403 1737 1414 1752 ·

294 1844 299 1851 ·
348 1812 444 1879 Addo
467 1802 586 1897 poetae
610 1820 739 1880 saturas
764 1833 836 1880 esse
859 1815 996 1881 refertas
1020 1815 1203 1882 nominibus
1227 1814 1350 1901 propriis

698 1989 721 2061 δ)
740 1993 989 2063 geographicis

284 2098 431 2183 Graecis,
455 2119 589 2183 quorum
612 2119 691 2165 usus
715 2119 816 2185 saepe
835 2101 950 2166 eodem
969 2100 1037 2166 fere
1056 2099 1153 2166 modo
1173 2107 1271 2184 atque
1289 2115 1372 2165 vocun

283 2205 481 2271 Graecarum
504 2226 545 2272 ex
568 2205 686 2272 fabulis
711 2207 845 2273 Graecis
869 2206 1055 2273 hausturum
1079 2217 1130 2272 est
1152 2204 1373 2291 intellegendus.

282 2311 507 2399 Compluribus
530 2313 611 2379 locis
634 2313 798 2380 Iuvenalis
826 2314 908 2380 baec
930 2314 1063 2380 nomina
1086 2317 1270 2400 usurpavit,
1292 2321 1322 2380 ut
1339 2307 1374 2374 vel

282 2419 459 2486 Graeculos
487 2421 540 2486 vel
562 2441 615 2487 res
644 2429 794 2487 externas
822 2420 960 2485 aliarum
987 2421 1154 2486 nationum
1177 2421 1330 2503 irrideret,
1348 2413 1374 2481 ol.

280 2528 305 2608 I,
331 2529 384 2594 26.
421 2528 479 2607 ΙΠ,
504 2531 545 2595 61
571 2548 657 2611 sqq.;
695 2531 736 2595 69
766 2549 811 2611 sq.
848 2529 904 2613 VI,
933 2530 976 2594 83
1005 2549 1069 2612 sq.;
1107 2531 1297 2612 294—2973
1320 2525 1374 2593 bil.

280 2634 367 2719 VIII,
393 2637 456 2700 112
481 2655 550 2718 sqq.
583 2635 653 2720 XV,
676 2637 729 2703 46.
1401 2651 1402 2654 ’

281 2834 316 2894 2.
349 2836 545 2895 vocabula
575 2837 730 2912 Graeca,
760 2850 859 2909 quae
890 2837 938 2896 ad
962 2839 1226 2897 Romanorum
1257 2838 1375 2897 victum
1413 2819 1414 2829 ’

622 2945 842 3016 cultumque
866 2948 1068 3015 pertinent.

350 3058 509 3137 Quoniam
545 3081 648 3145 usque
680 3060 724 3126 ad
755 3060 840 3127 bunc
877 3064 982 3128 locum
1020 3063 1243 3148 exposuimus,
1281 3062 1376 3147 quand

282 3166 378 3233 fuerit
415 3167 613 3232 Graecorum
650 3168 719 3234 sive
751 3167 982 3235 Graeculorum
1020 3168 1109 3254 apud
1146 3170 1306 3237 Romanos
1337 3161 1377 3228 1111

282 3280 392 3339 aetate
416 3274 592 3340 auctoritas
624 3275 658 3340 in
690 3276 813 3340 artibus
843 3284 875 3340 et
902 3275 1058 3342 doctrinis
1086 3276 1287 3360 liberalibus,
1316 3285 1377 3339 nunt

282 3379 566 3446 demonstrandum
595 3389 646 3448 est
674 3382 870 3448 Graecorum
896 3402 1001 3448 mores
1016 3390 1063 3448 et
1086 3382 1329 3450 consuetudines
1347 3371 1377 3440 td

281 3487 401 3553 victum
425 3507 552 3571 quoquc
581 3488 765 3572 cultumque
788 3490 1003 3554 Romanorum
1032 3491 1226 3574 permultum
1249 3489 1377 3555 valuisse.

282 3593 471 3661 Videbimus
501 3595 585 3660 enim
609 3596 768 3662 vocabula
792 3595 920 3662 Graeca
948 3616 1012 3662 non
1044 3616 1152 3681 pauca
1179 3599 1222 3663 ab
1250 3589 1378 3662 Iuvenale

283 3701 315 3766 in
340 3706 468 3766 saturas
492 3702 604 3787 recipi,
628 3709 663 3767 ut
685 3702 807 3768 aculeis
831 3709 1016 3786 pungantur
1031 3702 1148 3769 Graeci
1167 3703 1221 3769 vel
1241 3693 1377 3770 Graeculi,

282 3827 416 3890 quorum
444 3807 532 3874 vitae
565 3809 815 3874 consuetudines
848 3816 940 3874 erant
971 3809 1091 3894 populo
1124 3811 1270 3875 Romano
1301 3799 1376 3894 pesti·

283 3914 381 3982 ferae.

659 4028 688 4084 a)
707 4023 759 4077 Ad
777 4039 891 4090 corpus
910 4026 1019 4092 ipsum.

619 4164 647 4232 α)
674 4163 723 4218 Ad
746 4164 818 4219 eius
842 4165 1064 4221 curationem.

348 4271 397 4335 Ao
439 4270 575 4354 primum
617 4268 747 4353 quidem
788 4272 1100 4338 commemorandum
1142 4279 1192 4338 est
1226 4264 1377 4357 permulta

283 4378 434 4444 morbos
456 4375 640 4444 nominibus
664 4377 799 4445 Graecis
827 4379 1000 4464 appellari,
1028 4399 1162 4462 quorum
1190 4378 1260 4445 loco
1282 4370 1377 4440 tatius
