2828 5002
535 359 578 424 93

10 553 248 620 insuetudines
276 552 511 620 adamaverant
540 560 571 620 et
593 554 817 639 imitabantur,
849 556 1116 640 perstringendos

10 661 102 744 titur,
125 660 166 728 ci.
190 661 350 726 voeabula
374 683 406 746 p.
432 665 476 728 64
499 681 548 745 sq.
574 662 633 727 snb
657 663 674 725 δ
697 671 893 729 enumerata.

55 767 244 835 Nonnullae
266 787 378 833 voces:
403 769 549 853 cyclas‚
575 767 782 846 endromis,
805 768 1116 853 xerampelinae‚

10 875 110 940 nibus
138 872 334 940 adhibendis
356 875 509 958 Romani,
538 875 631 959 quasi
659 876 757 960 patrii
781 875 937 942 sermonis
963 895 1020 942 eos
1044 896 1115 961 per·

10 981 156 1062 tederet,
191 981 388 1064 elegantiam
423 981 585 1065 quandam
617 1002 739 1048 morum
771 981 986 1061 affectabant,
1025 989 1118 1048 eraut

10 1089 136 1154 sitatae
160 1086 340 1173 splendidis
369 1088 501 1154 familiis
530 1109 634 1172 neque
663 1109 806 1173 uuquam
831 1089 984 1173 vulgares
1008 1088 1117 1155 factae

10 1201 74 1264 unt.
1036 1201 1039 1206 '

55 1301 167 1385 Atque
191 1290 290 1368 etiam
314 1301 437 1384 aliquot
460 1301 712 1388 ornamentis,
737 1303 853 1386 quibus
872 1303 1035 1369 Romanos
1058 1302 1115 1367 im·

10 1416 175 1475 aratorum
199 1408 402 1493 potissimum
430 1410 629 1493 temporibus
657 1430 733 1475 usos
763 1429 836 1476 esse
864 1416 963 1495 poeta
991 1430 1115 1476 summa

10 1537 62 1582 um
86 1513 313 1599 indignatione
341 1516 499 1600 queritur,
527 1517 657 1581 uomina
680 1517 808 1582 Graeca
835 1516 989 1602 imposita
1014 1523 1115 1601 crant,

10 1621 28 1689 r.
52 1621 133 1690 ruta.
158 1624 439 1705 etsat.11,4-t.
463 1625 519 1708 ru,
530 1626 604 1690 217.
627 1625 762 1708 unua
779 1628 836 1707 re,
851 1626 910 1707 403
927 1626 1114 1691 ror-104.

123 1788 150 1844 e)
169 1784 221 1838 Ad
238 1801 329 1848 vasa,
348 1786 556 1853 receptacula,
575 1786 727 1854 reliquam
745 1787 981 1853 supellectilem.

59 1888 278 1974 complurium
307 1910 434 1974 qnoque
457 1910 622 1969 vasorum,
650 1891 940 1976 receptaculorum,
969 1890 1114 1973 reliquae

9 1996 205 2081 upellcctilis
227 1997 358 2062 uomina
386 2005 477 2062 erant
505 1997 653 2064 Graecae
681 1998 828 2084 originis,
858 1997 917 2065 sed
940 1997 1114 2062 maximam

10 2112 118 2170 artem
155 2110 275 2188 poetae
312 2110 421 2170 aetate
458 2105 521 2169 iam
564 2125 625 2172 usu
661 2113 826 2190 percepta.
885 2106 1037 2169 Attamen
1072 2103 1114 2169 iis

10 2211 167 2296 ›raecipne
192 2215 381 2277 saturarum·
396 2211 477 2277 locis
500 2211 686 2278 intermixta
709 2219 793 2292 sunt,
818 2210 934 2295 quibus
950 2208 1112 2276 luvenalis

10 2316 87 2384 odor
111 2317 213 2384 animi
236 2338 276 2383 ac
300 2318 474 2384 concitatio
497 2317 595 2384 valde
618 2324 794 2400 moventur,
819 2317 859 2383 ef.
879 2339 911 2403 p.
928 2319 985 2384 65:
1012 2322 1073 2381 eet
1088 2320 1112 2388 ζ.

380 2462 406 2522 f)
425 2462 477 2515 Ad
496 2463 721 2516 commercium.

56 2565 252 2632 Addeudum
280 2574 330 2633 est
357 2567 529 2632 multarum
557 2587 660 2633 rerum
686 2566 925 2652 appellationes
947 2586 1005 2650 per
1028 2584 1113 2630 eom·

10 2674 158 2757 tercium,
191 2694 254 2758 quo
283 2674 420 2739 Romani
448 2693 520 2739 eum
548 2674 621 2739 aliis
650 2675 801 2758 gentibus
825 2680 917 2740 eraut
940 2671 1112 2754 coniuncti,

10 2779 125 2846 tomam
148 2781 346 2866 pervenisse.
389 2781 439 2844 nx
462 2780 513 2847 his
537 2781 624 2846 aliae
647 2780 691 2847 ad
714 2787 833 2866 poetae
855 2779 1113 2864 indignationem

10 2907 32 2952 to
62 2895 280 2972 contemptum
314 2885 556 2973 exprimendum
591 2897 665 2955 snut
698 2896 888 2973 usurpatae,
927 2893 962 2952 ut
989 2884 1112 2950 'cerdo

10 3001 26 3060 t
46 2994 218 3079 mandra,
242 2994 507 3080 chirographa
531 3001 563 3061 et
587 2996 803 3079 ergastula,
833 2995 934 3078 aliae,
963 2999 997 3058 ut
1020 3012 1113 3058 nau-

12 3108 127 3167 umet
158 3102 392 3186 porthmeus,
424 3121 483 3187 per
511 3102 720 3168 festivitatem
753 3122 793 3168 ae
821 3103 963 3186 leporem
992 3101 1111 3166 saturis

10 3217 132 3274 nrertae
156 3215 239 3286 sunt,
264 3208 304 3275 ef.
322 3230 353 3294 p.
370 3211 413 3275 65
429 3228 490 3291 sq.:
514 3232 542 3296 q.
580 3209 692 3291 Neque
712 3209 840 3275 silentio
854 3207 1113 3294 praetereundae

11 3323 65 3381 unt
100 3317 233 3401 plantae
275 3316 466 3400 peregrinae
502 3335 685 3381 amomum
721 3317 787 3399 (IV,
823 3317 897 3383 108.
920 3316 1008 3399 VIII,
1036 3315 1111 3394 159)

10 3428 25 3487 t
45 3423 337 3509 opobalsamum
362 3423 414 3502 (II,
434 3425 503 3506 41),
528 3443 568 3488 ex
588 3422 704 3505 quibus
724 3428 887 3506 unguenta
904 3423 1112 3507 parabantur.

10 3529 134 3614 ltraqne
166 3549 229 3594 vox
257 3529 418 3594 invenitur
451 3529 484 3594 in
517 3528 581 3595 illis
614 3529 771 3613 versibus,
804 3529 838 3594 in
866 3529 981 3612 quibus
1013 3535 1112 3613 poeta

10 3637 65 3703 dio
89 3636 236 3702 luxuriae
259 3636 413 3702 ineensns
437 3636 561 3702 civibus
585 3656 708 3701 morum
732 3634 978 3721 perversitatem
1002 3634 1109 3700 obicit.

10 3825 21 3882 t.
54 3824 137 3896 Quo
167 3822 323 3880 consilio
350 3822 543 3879 Iuvenalis
577 3821 773 3880 vocabulis
807 3822 976 3894 Graecia
1011 3834 1110 3892 quae

44 3931 94 3989 ad
119 3941 203 3987 rem
229 3929 424 3999 publicam
449 3936 634 4002 spectant,
658 3929 697 3986 ln
720 3927 860 3985 saturis
883 3941 974 3986 usus
998 3928 1056 3984 sit.

304 4086 333 4142 at
352 4083 403 4135 Ad
421 4099 488 4137 rem
505 4083 661 4150 publicam
680 4083 788 4150 ipsam.

54 4191 126 4255 Iam
149 4208 225 4254 vero
250 4195 440 4272 spectemus,
469 4195 628 4270 quantum
646 4187 763 4252 Graeci
788 4193 820 4253 ct
843 4195 971 4253 ceterae
994 4191 1109 4269 gentes

10 4297 127 4375 lionae,
152 4302 326 4378 quactum
349 4305 405 4360 aut
428 4296 549 4360 Romae
567 4294 790 4378 versabantur,
814 4300 871 4359 aut
894 4290 1010 4376 quibus
1039 4299 1110 4358 erat

10 4426 59 4474 rm
93 4402 247 4469 Romanis
279 4402 515 4486 commercium,
552 4401 596 4467 ad
631 4422 698 4469 rem
734 4400 899 4485 publicam
929 4401 1108 4466 Romanam
