2828 5002
803 344 823 407 6

251 552 376 600 summa
409 533 578 616 diligentia
611 534 742 617 collegit
776 541 808 600 et
841 555 894 613 ea,
933 555 1017 618 quae
1048 534 1155 601 adhue
1188 556 1230 600 ex
1263 537 1359 620 lingon

220 641 379 718 ‚Graeca
403 660 476 707 esse
500 647 629 725 sumpta
652 641 736 707 falso
765 642 965 721 stererant,
1000 642 1153 716 seiunxit,
1187 642 1310 708 deinde
1330 643 1360 725 il,
1397 654 1409 716 t

251 746 338 830 quod
362 747 543 814 Beermann
565 749 586 813 l.
612 748 633 814 l.
667 748 775 813 facere
804 756 971 833 coeperat,
1003 746 1139 834 persenit
1167 759 1201 815 et
1229 752 1279 815 ita
1305 769 1360 835 per·

251 861 381 920 secutus
404 860 473 939 est,
496 862 531 920 ut
553 853 595 921 de
617 855 758 939 ratione,
786 875 851 938 qua
874 854 1023 937 singulae
1046 875 1143 920 voces
1168 856 1320 923 Graecae
1339 858 1361 921 in
1402 870 1408 925 ζ’

250 960 395 1043 linguam
418 961 566 1027 Latinam
592 962 770 1028 translatae
794 971 913 1043 essent,
938 962 1036 1028 etde
1060 969 1170 1028 aetate
1185 961 1361 1029 dissereret
1404 944 1406 950 ⁸

250 1068 411 1152 Imprimis
435 1075 544 1135 eutem
559 1067 757 1134 laudandum
782 1075 840 1151 est,
864 1067 950 1152 quod
973 1068 1027 1133 hic
1050 1069 1100 1133 vir
1122 1068 1243 1135 doctus
1267 1076 1364 1136 certe
1404 1104 1407 1145 1

251 1174 437 1257 quaedam
461 1174 609 1240 indicia
629 1176 752 1255 statuit,
777 1194 816 1239 ex
832 1177 947 1258 quibus
962 1175 1115 1258 cognosci
1128 1176 1245 1260 possit
1270 1182 1363 1241 utrum
1405 1211 1407 1245 t

249 1281 409 1347 vocabula
431 1280 550 1346 Latina
582 1301 622 1346 ex
653 1280 766 1364 lingua
794 1281 921 1346 Graece
949 1280 1141 1366 deprompta
1169 1282 1238 1348 sint
1262 1301 1363 1348 necne.
1406 1266 1407 1272 ἵ

252 1388 333 1452 Huic
361 1388 623 1453 commentationi
651 1387 762 1452 subtili
790 1394 888 1470 atque
922 1395 1039 1453 acutae
1066 1387 1207 1453 indicem
1232 1388 1365 1453 omniun

249 1493 477 1560 vocabulorum
511 1494 708 1560 Graecorum
739 1495 773 1559 in
805 1495 948 1578 lingnam
981 1494 1132 1558 Latinam
1168 1493 1365 1560 inductorum

249 1600 538 1685 locupletissimum
560 1600 708 1667 adiunxit
727 1608 769 1685 et,
793 1600 881 1686 apud
901 1621 995 1685 quem
1011 1603 1201 1685 scriptorem
1221 1601 1365 1667 Latinum

140 1723 142 1727 ’
250 1727 398 1790 quaeque
421 1727 484 1773 vox
508 1707 636 1773 Graeca
657 1708 795 1792 primum
818 1709 955 1790 legatur,
980 1707 1119 1774 addidit.

316 1815 484 1880 Postremo
522 1813 563 1880 de
601 1813 714 1879 eadem
752 1835 787 1880 re
824 1814 954 1898 scripsit
990 1815 1019 1882 J.
1053 1816 1093 1880 M.
1127 1814 1364 1882 Stowasser:

249 1920 402 1986 Dunlrle
422 1921 586 1999 werten,
610 1921 704 1986 Wieu
726 1924 821 2002 1890,
846 1922 901 2005 qui
919 1920 963 1986 ad
982 1939 1065 2005 eam,
1088 1927 1124 1985 ut
1142 1921 1221 1985 mihi
1242 1919 1362 2006 quidem

249 2027 385 2112 videtur,
408 2027 488 2093 nihil
512 2029 671 2110 gravioris
695 2029 846 2094 momenti
870 2028 987 2094 attulit.

248 2170 279 2254 β)
303 2177 358 2235 De
382 2177 599 2236 nominihus
625 2177 870 2246 appellativis
890 2177 1046 2234 Graecis
1071 2175 1174 2248 apud
1199 2177 1363 2246 singulos

610 2285 820 2352 scriptores
844 2285 1008 2343 Latinos,

316 2390 436 2459 Omnes
459 2392 519 2457 siri
545 2391 646 2477 docti,
679 2411 759 2477 quos
783 2391 890 2458 adhuc
914 2390 1174 2469 commemoravi,
1208 2389 1363 2457 vocabula

249 2497 387 2578 Graeca,
412 2519 496 2582 quae
519 2500 550 2564 in
570 2499 684 2583 lingua
703 2499 822 2565 Latina
839 2501 1052 2576 inveniuntur,
1076 2496 1257 2580 generatim
1272 2504 1363 2581 atque

247 2606 397 2672 universe
420 2614 648 2671 tractaverunt.

315 2711 380 2776 Sed
414 2712 469 2795 qui
501 2712 684 2778 accuratius
716 2714 749 2778 in
782 2710 865 2777 hanc
898 2732 964 2776 rem
997 2711 1158 2795 inquirere
1195 2710 1229 2776 in
1264 2710 1364 2776 animo

247 2817 358 2897 habet¹
397 2818 428 2886 ei
461 2817 655 2903 inspiciendi
688 2827 762 2885 sunt
795 2818 940 2903 singuli
975 2821 1190 2903 scriptores
1223 2816 1364 2898 Latini,

248 2926 303 3008 qui
326 2945 384 3011 pro
407 2932 524 2990 natura
547 2945 607 2992 sna
630 2932 686 2991 eut
708 2927 887 2992 litterarum
906 2946 1033 3010 genere,
1058 2923 1145 3008 quod
1168 2925 1364 3008 profitentur,

248 3051 345 3098 voces
365 3030 509 3097 Graecas
528 3030 624 3097 modo
644 3052 777 3117 paucas,
803 3031 898 3097 modo
913 3031 1032 3097 multas
1048 3031 1138 3096 libris
1153 3030 1364 3097 inseruerunt.

314 3139 410 3204 Certe
432 3157 495 3203 non
523 3145 633 3224 potest
653 3138 808 3223 dubitari,
840 3139 916 3222 quin
941 3157 980 3203 ex
1007 3138 1126 3203 talibus
1150 3137 1365 3202 commentati·

247 3243 361 3310 onibus
400 3244 547 3310 fructus
580 3254 617 3312 et
649 3246 778 3328 magni
814 3246 861 3311 ad
893 3246 1018 3330 ipsam
1061 3243 1366 3329 uniuscuiusque

247 3351 453 3436 scriptoris
476 3352 607 3417 Latini
627 3359 746 3417 artem
767 3352 1070 3435 nequeminores
1085 3350 1133 3416 ad
1150 3350 1366 3415 litterarum

246 3457 469 3523 Latinarum
493 3458 696 3524 historiam
723 3457 933 3524 redundaturi
957 3457 1030 3525 sint.
1075 3456 1258 3542 Apparebit
1282 3458 1364 3522 enim

245 3563 380 3649 primum
409 3563 503 3647 quid
532 3565 777 3631 emolumenti
805 3563 982 3649 quodque
1010 3564 1230 3629 litterarum
1260 3563 1365 3629 Lati·

245 3690 377 3736 narum
407 3691 527 3754 genus
555 3692 601 3737 ex
630 3672 776 3738 litteris
805 3671 969 3736 Graecis
1003 3671 1166 3756 ceperit,
1200 3678 1237 3736 et
1270 3691 1365 3754 quae

245 3778 365 3843 tuerit
396 3779 457 3845 vis
486 3779 673 3861 cuiusque
701 3779 920 3844 litterarum
949 3774 1182 3842 Graecarum
1211 3778 1367 3859 generis

245 3882 291 3948 ad
307 3885 466 3951 litteras
481 3885 659 3967 Latinas,
683 3883 814 3962 deinde,
839 3903 938 3966 quae
952 3882 1147 3950 vocabula
1162 3882 1317 3950 Graeca
1333 3893 1366 3949 et

244 3998 336 4074 quot
355 3999 393 4057 et
417 4012 492 4075 quo
517 3991 687 4057 consilio
711 3998 748 4055 et
772 4008 845 4074 qua
868 3990 932 4054 via
950 3990 990 4055 in
1009 4009 1076 4055 eas
1095 3996 1258 4074 recepta
1279 3990 1365 4057 sint.

405 4149 476 4229 Qui
499 4149 573 4215 viri
597 4148 703 4215 docti
726 4148 772 4214 de
795 4149 868 4215 hac
891 4170 931 4216 re
954 4149 1196 4235 scripserint.

310 4265 381 4332 litei
404 4265 468 4330 iam
493 4264 673 4349 complures
696 4265 755 4329 viri
780 4263 867 4330 docti
886 4264 927 4329 de
945 4265 1008 4330 hac
1032 4286 1067 4331 re
1087 4271 1231 4347 egerunt,
1257 4273 1366 4333 tamen

245 4390 441 4455 magnopere
465 4370 638 4436 dolendum
663 4378 712 4437 est
737 4371 770 4437 in
792 4371 880 4437 nullo
902 4371 983 4436 libro
1004 4372 1104 4453 leges,
1129 4390 1213 4453 quae
1239 4373 1271 4436 in
1295 4372 1366 4437 tali·
