2828 5002
530 311 533 317 ¹
608 362 628 426 3

53 556 202 622 haltnis
227 553 294 621 der
316 553 589 638 griechischen
608 556 682 620 und
701 555 963 623 lateinisches
983 554 1174 640 Sprachee

53 663 94 729 dc
117 663 255 729 vocibus
284 662 420 728 Graecis
452 664 486 727 in
513 663 656 746 linguam
684 663 834 730 Latinam
861 662 1028 728 translatis
1056 661 1178 728 diserte

54 769 123 852 egit
146 775 180 834 et
204 767 436 834 demonstravit
464 769 624 835 vocabula
648 771 788 847 Graeca,
818 789 903 852 quae
926 769 960 835 in
982 768 1093 851 lingua
1118 769 1177 832 La-

53 879 122 943 tina
145 875 364 960 inveniuntur,
393 875 547 958 colligere
576 883 608 942 et
632 875 807 942 secundum
832 876 922 958 leges
946 876 1177 959 grammaticas

55 1002 226 1049 secernere
246 1001 365 1066 operae
384 982 521 1066 pretium
541 1002 624 1060 esse,
649 989 684 1048 ut
704 983 803 1048 statui
817 990 940 1067 posset,
965 979 1043 1066 quid
1058 980 1177 1053 emolu.-

54 1089 154 1157 menti
179 1088 256 1155 inde
283 1089 327 1154 ad
355 1090 562 1155 vetustiorem
590 1091 804 1155 Romanorum
832 1088 999 1155 historiam
1023 1071 1056 1154 et
1072 1088 1178 1154 vitam

55 1196 254 1263 cotidianam
278 1195 392 1262 melius
416 1194 668 1278 intellegendam
692 1195 944 1262 redundaturum
968 1203 1066 1263 esset.
1105 1193 1179 1272 Qua

55 1302 229 1370 occasione
252 1303 364 1368 oblata
388 1305 438 1367 vir
461 1302 516 1368 ille
536 1301 734 1369 clarissimus
755 1303 965 1387 complurium
983 1322 1098 1368 vocum
1117 1300 1178 1366 La·

55 1410 209 1491 tinarum,
237 1428 318 1492 quas
349 1429 442 1473 nemo
466 1416 562 1474 antea
586 1429 627 1473 cx
650 1409 762 1491 lingua
785 1409 912 1476 Graeca
936 1415 1082 1493 sumptas
1106 1427 1180 1474 esse

55 1518 243 1601 suspicatus
267 1526 352 1598 erat,
382 1516 539 1599 originem
564 1536 637 1581 esse
664 1517 824 1583 Graecam
848 1516 1085 1601 comprobavit;
1118 1515 1179 1579 hac·

55 1645 92 1690 re
115 1622 285 1708 patefacta
304 1622 423 1688 multas
441 1643 504 1704 res,
528 1642 613 1706 quac
634 1624 665 1687 in
689 1627 757 1689 vita
780 1626 995 1689 Romanorum
1014 1621 1179 1688 cotidiana

56 1749 162 1814 usque
195 1729 239 1795 ad
256 1729 351 1795 illud
380 1736 506 1814 tempus
539 1730 696 1797 obscurae
729 1729 868 1809 fuerant,
901 1730 1049 1797 distinxit
1081 1737 1180 1813 atque

56 1837 240 1903 illustravit.

126 1943 165 2011 G.
192 1942 292 2007 Curtii
318 1943 499 2027 exemplum
527 1952 657 2008 secutus
681 1943 730 2009 W.
756 1944 921 2010 (lorssen
945 1944 978 2007 in
1001 1944 1097 2028 libro,
1126 1942 1182 2026 qui

57 2049 258 2116 inscribitur:
296 2037 397 2114 Uber
429 2049 689 2135 Aussprache‚
726 2050 971 2117 Vokalismus
1004 2049 1080 2115 und
1113 2050 1181 2115 Be·

57 2155 285 2239 tonungder
309 2154 570 2221 lateinischen
595 2155 768 2241 Sprache
790 2157 849 2240 11²,
872 2178 904 2241 p.
921 2160 985 2223 813
1006 2177 1075 2240 sqq.
1095 2164 1182 2241 post-

58 2284 157 2346 quam
181 2261 348 2342 disseruit,
382 2262 499 2344 quihus
525 2268 677 2345 quattuor
704 2263 869 2329 aetatibus
899 2264 940 2328 ab
969 2264 1041 2347 ipso
1065 2263 1181 2347 positis

58 2389 158 2435 voees
195 2369 343 2434 Graecae
383 2369 416 2432 in
456 2368 600 2450 linguam
637 2370 788 2434 Latinam
824 2371 976 2453 abierint,
1019 2369 1182 2453 explicare

58 2475 197 2551 studuit,
231 2475 337 2558 qualis
366 2475 464 2540 fuerit
492 2474 721 2540 vocabulorum
750 2475 946 2541 Graecorum
978 2475 1010 2538 in
1040 2476 1181 2557 baguam

59 2583 211 2649 Latinam
235 2589 436 2667 receptorum
460 2602 558 2647 sonus
582 2588 681 2664 atque
704 2591 872 2666 accentus,
902 2588 934 2647 et
963 2601 1058 2648 voees
1083 2581 1182 2647 Grae·

60 2711 118 2756 cas
147 2689 191 2754 ad
220 2688 401 2773 exemplum
429 2689 616 2753 Latinarum
644 2687 900 2773 pronuntiandas
929 2709 1002 2754 osse
1030 2687 1181 2761 ostendit.

128 2795 192 2872 oui
216 2781 277 2860 viri
300 2795 388 2861 docti
412 2796 464 2860 vel
488 2796 626 2860 maxime
650 2796 796 2862 aetatis
820 2794 1026 2862 Plautinae
1050 2803 1083 2861 et
1105 2805 1183 2864 tem-

61 2923 177 2989 porum
198 2908 288 2968 autc
312 2903 490 2968 Plautum
514 2903 671 2968 rationem
691 2901 881 2968 habuerunt.
917 2903 989 2970 Non
1008 2910 1125 2987 autem,
1151 2910 1184 2967 ut

61 3010 240 3076 uberrimus
264 3007 386 3074 fructus
410 3009 589 3074 extalibus
608 3008 852 3091 quaestionibus
872 3016 1051 3094 caperetur,
1076 3010 1108 3075 in
1132 3008 1183 3075 his

62 3115 295 3182 vetustioribus
319 3116 517 3199 temporibus
541 3120 611 3179 crat
634 3114 921 3195 commorandum„
938 3115 1034 3180 immo
1058 3116 1185 3181 omnia

62 3222 256 3289 vocabula
271 3222 433 3302 Graeca,
459 3241 557 3305 quae
577 3223 623 3286 ab
638 3222 929 3306 antiquissimis
944 3223 1185 3307 temporibus

62 3330 253 3416 paulatim
286 3330 324 3394 in
358 3328 527 3411 linguam
562 3329 736 3394 Latinam
758 3337 1042 3414 pervenerunt,
1076 3329 1186 3396 colli-

64 3436 192 3520 ganda
220 3442 253 3500 et
280 3436 327 3500 ita
354 3433 558 3520 disponenda
587 3443 693 3515 erant,
727 3443 762 3502 ut
791 3436 937 3519 intellegi
965 3444 1099 3521 posset‚-
1122 3456 1185 3519 quo

64 3563 213 3627 quaeque
236 3562 300 3608 vox
328 3543 456 3608 Graeca
483 3549 628 3627 tempore
655 3543 688 3608 in
711 3543 855 3625 linguam
878 3543 1028 3608 Latinam
1052 3543 1186 3628 abisset,

65 3656 98 3716 et
120 3648 282 3734 quomodo
305 3648 340 3714 id
363 3649 485 3714 iactum
508 3654 605 3715 esset.

132 3753 228 3832 Quod
252 3775 323 3821 oum
346 3756 434 3820 viros
458 3754 570 3821 doctos
590 3775 655 3821 non
673 3754 808 3838 lugeret,
832 3756 954 3821 inventi
973 3763 1055 3839 sunt,
1080 3757 1186 3838 quiin

64 3862 98 3927 id
121 3861 264 3929 studium
288 3881 398 3928 curam
412 3862 644 3946 impenderent
681 3861 730 3926 Ex
753 3860 804 3926 his
828 3861 930 3945 primo
954 3862 1026 3927 loco
1050 3882 1186 3928 comme·

64 3968 240 4036 morandus
269 3975 318 4034 est
346 3967 385 4033 G.
411 3968 448 4032 A.
477 3967 667 4034 Saalfeld.
713 3969 746 4034 ls
773 3969 822 4032 vir
850 3967 965 4034 doctus
993 3968 1034 4034 de
1063 3969 1125 4034 hae
1153 3988 1187 4034 re

64 4077 133 4160 egit
165 4077 269 4141 tribus
302 4076 404 4158 libris,
441 4076 495 4159 qui
529 4075 757 4141 inscribuntur:
794 4073 916 4141 Index
954 4075 1187 4140 Graecorum

64 4181 344 4249 vocabulorum
385 4183 422 4246 in
468 4182 640 4264 linguam
685 4181 863 4247 Latinam
910 4182 1188 4248 translatorum

64 4287 380 4375 quaestiunculis
413 4296 559 4354 auctus.
616 4287 757 4353 Berolini
792 4291 888 4356 1874.
936 4288 1189 4354 Griechisohe

64 4396 316 4464 Lehnwbrter
349 4395 397 4458 im
435 4395 582 4460 Latein.
636 4392 776 4458 Wetzlar
815 4398 909 4462 1877.
968 4397 1189 4460 Tonsaurus

997 4499 1028 4554 1*
