<?xml version="1.0" encoding="UTF-8"?>
<!DOCTYPE html PUBLIC "-//W3C//DTD XHTML 1.0 Transitional//EN"
    "http://www.w3.org/TR/xhtml1/DTD/xhtml1-transitional.dtd">
<html xmlns="http://www.w3.org/1999/xhtml" xml:lang="en" lang="en">
 <head>
  <title>
</title>
<meta http-equiv="Content-Type" content="text/html;charset=utf-8" />
  <meta name='ocr-system' content='tesseract 3.04.00' />
  <meta name='ocr-capabilities' content='ocr_page ocr_carea ocr_par ocr_line ocrx_word'/>
</head>
<body>
  <div class='ocr_page' id='page_1' title='image "./iuvenalisgraeci00thiegoog_0069.png"; bbox 0 0 2828 5002; ppageno 0'>
   <div class='ocr_carea' id='block_1_1' title="bbox 776 362 819 430">
    <p class='ocr_par' dir='ltr' id='par_1_1' title="bbox 776 362 819 430">
     <span class='ocr_line' id='line_1_1' title="bbox 776 362 819 430; baseline -0.047 0"><span class='ocrx_word' id='word_1_1' title='bbox 776 362 819 430; x_wconf 78' lang='lat'>56</span> 
     </span>
    </p>
   </div>
   <div class='ocr_carea' id='block_1_2' title="bbox 182 558 1414 4301">
    <p class='ocr_par' dir='ltr' id='par_1_2' title="bbox 239 558 1408 736">
     <span class='ocr_line' id='line_1_2' title="bbox 239 558 1408 651; baseline 0.003 -24"><span class='ocrx_word' id='word_1_2' title='bbox 239 559 424 627; x_wconf 75' lang='lat' dir='ltr'><strong>elenchos</strong></span> <span class='ocrx_word' id='word_1_3' title='bbox 441 558 592 626; x_wconf 89' lang='lat' dir='ltr'>librorum</span> <span class='ocrx_word' id='word_1_4' title='bbox 606 558 745 626; x_wconf 91' lang='lat' dir='ltr'>omnium</span> <span class='ocrx_word' id='word_1_5' title='bbox 760 559 914 625; x_wconf 87' lang='lat' dir='ltr'>XXXVII</span> <span class='ocrx_word' id='word_1_6' title='bbox 927 558 1010 626; x_wconf 85' lang='lat' dir='ltr'>llber</span> <span class='ocrx_word' id='word_1_7' title='bbox 1024 578 1117 640; x_wconf 87' lang='lat' dir='ltr'>unus,</span> <span class='ocrx_word' id='word_1_8' title='bbox 1133 558 1190 644; x_wconf 91' lang='lat' dir='ltr'>qui</span> <span class='ocrx_word' id='word_1_9' title='bbox 1206 558 1345 644; x_wconf 79' lang='lat' dir='ltr'>primus&lt;</span> <span class='ocrx_word' id='word_1_10' title='bbox 1397 574 1408 651; x_wconf 76' lang='lat' dir='ltr'>t</span> 
     </span>
     <span class='ocr_line' id='line_1_3' title="bbox 239 666 502 736; baseline 0.008 -2"><span class='ocrx_word' id='word_1_11' title='bbox 239 666 332 734; x_wconf 83' lang='lat' dir='ltr'><strong>codd.</strong></span> <span class='ocrx_word' id='word_1_12' title='bbox 356 667 502 736; x_wconf 87' lang='lat' dir='ltr'>Barbari.</span> 
     </span>
    </p>

    <p class='ocr_par' dir='ltr' id='par_1_3' title="bbox 238 773 1398 1289">
     <span class='ocr_line' id='line_1_4' title="bbox 304 773 1398 861; baseline -0.001 -22"><span class='ocrx_word' id='word_1_13' title='bbox 304 775 361 841; x_wconf 92' lang='lat' dir='ltr'>III.</span> <span class='ocrx_word' id='word_1_14' title='bbox 390 774 502 841; x_wconf 81' lang='lat' dir='ltr'>Tertia</span> <span class='ocrx_word' id='word_1_15' title='bbox 525 775 612 841; x_wconf 91' lang='lat' dir='ltr'>notio</span> <span class='ocrx_word' id='word_1_16' title='bbox 637 780 764 861; x_wconf 87' lang='lat' dir='ltr'>spectat</span> <span class='ocrx_word' id='word_1_17' title='bbox 786 773 829 840; x_wconf 91' lang='lat' dir='ltr'>ad</span> <span class='ocrx_word' id='word_1_18' title='bbox 852 773 1105 858; x_wconf 87' lang='lat' dir='ltr'>margaritas,</span> <span class='ocrx_word' id='word_1_19' title='bbox 1135 781 1343 842; x_wconf 81' lang='lat' dir='ltr'><strong>ornamentum</strong></span> <span class='ocrx_word' id='word_1_20' title='bbox 1390 786 1398 847; x_wconf 80' lang='lat' dir='ltr'>l</span> 
     </span>
     <span class='ocr_line' id='line_1_5' title="bbox 238 881 1341 967; baseline -0.002 -18"><span class='ocrx_word' id='word_1_21' title='bbox 238 882 401 967; x_wconf 83' lang='lat' dir='ltr'>muliebre,</span> <span class='ocrx_word' id='word_1_22' title='bbox 425 881 465 951; x_wconf 87' lang='lat' dir='ltr'>cf.</span> <span class='ocrx_word' id='word_1_23' title='bbox 490 882 582 950; x_wconf 90' lang='lat' dir='ltr'>Plin.</span> <span class='ocrx_word' id='word_1_24' title='bbox 605 888 671 950; x_wconf 88' lang='lat' dir='ltr'>nat.</span> <span class='ocrx_word' id='word_1_25' title='bbox 695 881 768 948; x_wconf 89' lang='lat' dir='ltr'>hist.</span> <span class='ocrx_word' id='word_1_26' title='bbox 791 882 847 966; x_wconf 94' lang='lat' dir='ltr'>IX,</span> <span class='ocrx_word' id='word_1_27' title='bbox 871 884 925 961; x_wconf 84' lang='grc'>35,</span> <span class='ocrx_word' id='word_1_28' title='bbox 949 883 1003 959; x_wconf 89' lang='grc'>56,</span> <span class='ocrx_word' id='word_1_29' title='bbox 1030 884 1109 950; x_wconf 87' lang='lat'>113:</span> <span class='ocrx_word' id='word_1_30' title='bbox 1140 882 1341 950; x_wconf 80' lang='lat' dir='ltr'>›Elenchos</span> 
     </span>
     <span class='ocr_line' id='line_1_6' title="bbox 238 988 1339 1077; baseline -0.003 -20"><span class='ocrx_word' id='word_1_31' title='bbox 238 991 406 1077; x_wconf 87' lang='lat' dir='ltr'>appellant</span> <span class='ocrx_word' id='word_1_32' title='bbox 451 989 608 1074; x_wconf 82' lang='lat' dir='ltr'>fastigata</span> <span class='ocrx_word' id='word_1_33' title='bbox 653 988 855 1072; x_wconf 90' lang='lat' dir='ltr'>longitudine</span> <span class='ocrx_word' id='word_1_34' title='bbox 897 989 1134 1064; x_wconf 78' lang='lat' dir='ltr'>alabastrorum</span> <span class='ocrx_word' id='word_1_35' title='bbox 1178 989 1282 1075; x_wconf 85' lang='lat' dir='ltr'>figura</span> <span class='ocrx_word' id='word_1_36' title='bbox 1315 990 1339 1054; x_wconf 92' lang='lat' dir='ltr'>in</span> 
     </span>
     <span class='ocr_line' id='line_1_7' title="bbox 238 1096 1337 1184; baseline -0.003 -21"><span class='ocrx_word' id='word_1_37' title='bbox 238 1098 414 1184; x_wconf 85' lang='lat' dir='ltr'>pleniorem</span> <span class='ocrx_word' id='word_1_38' title='bbox 446 1098 555 1164; x_wconf 91' lang='lat' dir='ltr'>orbem</span> <span class='ocrx_word' id='word_1_39' title='bbox 571 1097 782 1184; x_wconf 77' lang='lat' dir='ltr'>desinentes.</span> <span class='ocrx_word' id='word_1_40' title='bbox 844 1098 912 1165; x_wconf 90' lang='lat' dir='ltr'>Hos</span> <span class='ocrx_word' id='word_1_41' title='bbox 945 1096 1059 1182; x_wconf 82' lang='lat' dir='ltr'><strong>digitis</strong></span> <span class='ocrx_word' id='word_1_42' title='bbox 1091 1096 1290 1183; x_wconf 78' lang='lat' dir='ltr'>suspendere</span> <span class='ocrx_word' id='word_1_43' title='bbox 1315 1104 1337 1162; x_wconf 92' lang='lat' dir='ltr'>et</span> 
     </span>
     <span class='ocr_line' id='line_1_8' title="bbox 239 1204 1334 1289; baseline 0 -19"><span class='ocrx_word' id='word_1_44' title='bbox 239 1206 331 1271; x_wconf 88' lang='lat' dir='ltr'>binos</span> <span class='ocrx_word' id='word_1_45' title='bbox 354 1212 525 1272; x_wconf 87' lang='lat' dir='ltr'>aeternos</span> <span class='ocrx_word' id='word_1_46' title='bbox 548 1205 678 1272; x_wconf 89' lang='lat' dir='ltr'>auribus</span> <span class='ocrx_word' id='word_1_47' title='bbox 703 1205 892 1271; x_wconf 88' lang='lat' dir='ltr'>feminarum</span> <span class='ocrx_word' id='word_1_48' title='bbox 915 1205 1020 1289; x_wconf 87' lang='lat' dir='ltr'>gloria</span> <span class='ocrx_word' id='word_1_49' title='bbox 1038 1211 1116 1272; x_wconf 78' lang='lat' dir='ltr'>est«</span> <span class='ocrx_word' id='word_1_50' title='bbox 1156 1205 1262 1272; x_wconf 91' lang='lat' dir='ltr'>Paul.</span> <span class='ocrx_word' id='word_1_51' title='bbox 1285 1204 1334 1288; x_wconf 87' lang='lat' dir='ltr'>dig.</span> 
     </span>
    </p>

    <p class='ocr_par' dir='ltr' id='par_1_4' title="bbox 212 1311 1414 1827">
     <span class='ocr_line' id='line_1_9' title="bbox 212 1311 1333 1398; baseline -0.002 -20"><span class='ocrx_word' id='word_1_52' title='bbox 212 1358 215 1362; x_wconf 26' lang='grc' dir='ltr'><strong><em>ι</em></strong></span> <span class='ocrx_word' id='word_1_53' title='bbox 237 1313 388 1398; x_wconf 85' lang='lat' dir='ltr'>XXXIV,</span> <span class='ocrx_word' id='word_1_54' title='bbox 404 1318 434 1398; x_wconf 99' lang='grc'>2,</span> <span class='ocrx_word' id='word_1_55' title='bbox 450 1315 504 1396; x_wconf 85' lang='grc'>32,</span> <span class='ocrx_word' id='word_1_56' title='bbox 520 1316 554 1380; x_wconf 92' lang='lat'>8:</span> <span class='ocrx_word' id='word_1_57' title='bbox 581 1312 680 1379; x_wconf 79' lang='lat' dir='ltr'>»Cum</span> <span class='ocrx_word' id='word_1_58' title='bbox 703 1313 841 1389; x_wconf 85' lang='lat' dir='ltr'>inaures,</span> <span class='ocrx_word' id='word_1_59' title='bbox 865 1313 898 1378; x_wconf 93' lang='lat' dir='ltr'>in</span> <span class='ocrx_word' id='word_1_60' title='bbox 922 1313 1038 1398; x_wconf 90' lang='lat' dir='ltr'>quibus</span> <span class='ocrx_word' id='word_1_61' title='bbox 1058 1311 1143 1377; x_wconf 90' lang='lat' dir='ltr'>duae</span> <span class='ocrx_word' id='word_1_62' title='bbox 1157 1313 1333 1396; x_wconf 84' lang='lat' dir='ltr'>margaritae</span> 
     </span>
     <span class='ocr_line' id='line_1_10' title="bbox 239 1418 1331 1505; baseline -0.005 -18"><span class='ocrx_word' id='word_1_63' title='bbox 239 1419 389 1487; x_wconf 77' lang='lat' dir='ltr'>elenchi</span> <span class='ocrx_word' id='word_1_64' title='bbox 418 1427 450 1486; x_wconf 89' lang='lat' dir='ltr'>et</span> <span class='ocrx_word' id='word_1_65' title='bbox 477 1419 642 1504; x_wconf 87' lang='lat' dir='ltr'>smaragdi</span> <span class='ocrx_word' id='word_1_66' title='bbox 670 1419 748 1499; x_wconf 90' lang='lat' dir='ltr'>duo,</span> <span class='ocrx_word' id='word_1_67' title='bbox 781 1419 926 1504; x_wconf 80' lang='lat' dir='ltr'>legasset</span> <span class='ocrx_word' id='word_1_68' title='bbox 959 1427 991 1487; x_wconf 90' lang='lat' dir='ltr'>et</span> <span class='ocrx_word' id='word_1_69' title='bbox 1022 1426 1138 1505; x_wconf 89' lang='lat' dir='ltr'>postea</span> <span class='ocrx_word' id='word_1_70' title='bbox 1173 1418 1331 1488; x_wconf 86' lang='lat' dir='ltr'>elenchos</span> 
     </span>
     <span class='ocr_line' id='line_1_11' title="bbox 239 1525 1329 1612; baseline -0.006 -16"><span class='ocrx_word' id='word_1_71' title='bbox 239 1528 362 1596; x_wconf 88' lang='lat' dir='ltr'>eisdem</span> <span class='ocrx_word' id='word_1_72' title='bbox 385 1527 581 1595; x_wconf 84' lang='lat' dir='ltr'>detraxisset</span> <span class='ocrx_word' id='word_1_73' title='bbox 600 1534 632 1594; x_wconf 90' lang='lat' dir='ltr'>et</span> <span class='ocrx_word' id='word_1_74' title='bbox 650 1535 865 1612; x_wconf 77' lang='lat' dir='ltr'>quaereretur,</span> <span class='ocrx_word' id='word_1_75' title='bbox 890 1548 932 1593; x_wconf 90' lang='lat' dir='ltr'>an</span> <span class='ocrx_word' id='word_1_76' title='bbox 955 1527 1055 1593; x_wconf 93' lang='lat' dir='ltr'>nihilo</span> <span class='ocrx_word' id='word_1_77' title='bbox 1075 1527 1181 1594; x_wconf 89' lang='lat' dir='ltr'>minus</span> <span class='ocrx_word' id='word_1_78' title='bbox 1201 1525 1329 1595; x_wconf 86' lang='lat' dir='ltr'>detractis</span> 
     </span>
     <span class='ocr_line' id='line_1_12' title="bbox 239 1624 1410 1721; baseline -0.006 -19"><span class='ocrx_word' id='word_1_79' title='bbox 239 1635 413 1702; x_wconf 91' lang='lat' dir='ltr'>elenchis</span> <span class='ocrx_word' id='word_1_80' title='bbox 437 1635 566 1702; x_wconf 90' lang='lat' dir='ltr'>inaures</span> <span class='ocrx_word' id='word_1_81' title='bbox 590 1633 798 1703; x_wconf 87' lang='lat' dir='ltr'>deberentur:</span> <span class='ocrx_word' id='word_1_82' title='bbox 823 1634 991 1721; x_wconf 89' lang='lat' dir='ltr'>respondit</span> <span class='ocrx_word' id='word_1_83' title='bbox 1014 1634 1135 1715; x_wconf 89' lang='lat' dir='ltr'>deberi,</span> <span class='ocrx_word' id='word_1_84' title='bbox 1159 1635 1189 1702; x_wconf 91' lang='lat' dir='ltr'>si</span> <span class='ocrx_word' id='word_1_85' title='bbox 1203 1638 1330 1702; x_wconf 85' lang='lat' dir='ltr'>maneant</span> <span class='ocrx_word' id='word_1_86' title='bbox 1382 1624 1410 1667; x_wconf 76' lang='lat'>¹¹¹</span> 
     </span>
     <span class='ocr_line' id='line_1_13' title="bbox 238 1729 1414 1827; baseline -0.004 -20"><span class='ocrx_word' id='word_1_87' title='bbox 238 1742 378 1822; x_wconf 88' lang='lat' dir='ltr'>inaures,</span> <span class='ocrx_word' id='word_1_88' title='bbox 403 1743 550 1826; x_wconf 88' lang='lat' dir='ltr'>quamvis</span> <span class='ocrx_word' id='word_1_89' title='bbox 573 1742 751 1827; x_wconf 90' lang='lat' dir='ltr'>margarita</span> <span class='ocrx_word' id='word_1_90' title='bbox 775 1743 822 1810; x_wconf 92' lang='lat' dir='ltr'>eis</span> <span class='ocrx_word' id='word_1_91' title='bbox 848 1743 996 1809; x_wconf 88' lang='lat' dir='ltr'>detracta</span> <span class='ocrx_word' id='word_1_92' title='bbox 1019 1741 1112 1810; x_wconf 75' lang='lat' dir='ltr'>sint«</span> <span class='ocrx_word' id='word_1_93' title='bbox 1384 1729 1414 1769; x_wconf 89' lang='lat'>&#39;¹</span> 
     </span>
    </p>

    <p class='ocr_par' dir='ltr' id='par_1_5' title="bbox 304 1834 1403 1935">
     <span class='ocr_line' id='line_1_14' title="bbox 304 1834 1403 1935; baseline -0.001 -21"><span class='ocrx_word' id='word_1_94' title='bbox 304 1851 354 1916; x_wconf 91' lang='lat' dir='ltr'>De</span> <span class='ocrx_word' id='word_1_95' title='bbox 383 1849 445 1915; x_wconf 91' lang='lat' dir='ltr'>hae</span> <span class='ocrx_word' id='word_1_96' title='bbox 472 1850 620 1916; x_wconf 85' lang='lat' dir='ltr'>vocabuli</span> <span class='ocrx_word' id='word_1_97' title='bbox 649 1850 799 1917; x_wconf 89' lang='lat' dir='ltr'>elenchi</span> <span class='ocrx_word' id='word_1_98' title='bbox 827 1849 1077 1935; x_wconf 89' lang='lat' dir='ltr'>significatione,</span> <span class='ocrx_word' id='word_1_99' title='bbox 1110 1870 1195 1935; x_wconf 89' lang='lat' dir='ltr'>quae</span> <span class='ocrx_word' id='word_1_100' title='bbox 1228 1857 1275 1918; x_wconf 88' lang='lat' dir='ltr'>esl</span> <span class='ocrx_word' id='word_1_101' title='bbox 1297 1849 1330 1914; x_wconf 93' lang='lat' dir='ltr'>lu·</span> <span class='ocrx_word' id='word_1_102' title='bbox 1384 1834 1403 1892; x_wconf 62' lang='lat'>5¹¹</span> 
     </span>
    </p>

    <p class='ocr_par' dir='ltr' id='par_1_6' title="bbox 237 1957 1414 3333">
     <span class='ocr_line' id='line_1_15' title="bbox 237 1957 1331 2044; baseline -0.005 -19"><span class='ocrx_word' id='word_1_103' title='bbox 237 1957 362 2025; x_wconf 88' lang='lat' dir='ltr'>venalis</span> <span class='ocrx_word' id='word_1_104' title='bbox 386 1977 513 2042; x_wconf 91' lang='lat' dir='ltr'>quoque</span> <span class='ocrx_word' id='word_1_105' title='bbox 536 1958 616 2043; x_wconf 89' lang='lat' dir='ltr'>loco,</span> <span class='ocrx_word' id='word_1_106' title='bbox 645 1965 780 2042; x_wconf 85' lang='lat' dir='ltr'>egerunt</span> <span class='ocrx_word' id='word_1_107' title='bbox 803 1959 996 2044; x_wconf 77' lang='lat' dir='ltr'>Belliger:</span> <span class='ocrx_word' id='word_1_108' title='bbox 1030 1957 1178 2024; x_wconf 87' lang='lat' dir='ltr'>Sabina</span> <span class='ocrx_word' id='word_1_109' title='bbox 1210 1958 1249 2043; x_wconf 94' lang='lat' dir='ltr'>II,</span> <span class='ocrx_word' id='word_1_110' title='bbox 1278 1957 1331 2024; x_wconf 78' lang='lat'>156:</span> 
     </span>
     <span class='ocr_line' id='line_1_16' title="bbox 240 2055 1414 2152; baseline -0.002 -26"><span class='ocrx_word' id='word_1_111' title='bbox 240 2064 472 2148; x_wconf 72' lang='lat' dir='ltr'>»Elenchem</span> <span class='ocrx_word' id='word_1_112' title='bbox 495 2064 762 2151; x_wconf 86' lang='lat' dir='ltr'>Respektperlen.</span> <span class='ocrx_word' id='word_1_113' title='bbox 808 2065 903 2132; x_wconf 92' lang='lat' dir='ltr'>Plin.</span> <span class='ocrx_word' id='word_1_114' title='bbox 930 2073 1005 2149; x_wconf 91' lang='lat' dir='ltr'>sagt</span> <span class='ocrx_word' id='word_1_115' title='bbox 1023 2065 1056 2130; x_wconf 95' lang='lat' dir='ltr'>in</span> <span class='ocrx_word' id='word_1_116' title='bbox 1075 2064 1133 2132; x_wconf 88' lang='lat' dir='ltr'>der</span> <span class='ocrx_word' id='word_1_117' title='bbox 1151 2061 1332 2152; x_wconf 85' lang='lat' dir='ltr'>Hauprstelle</span> <span class='ocrx_word' id='word_1_118' title='bbox 1387 2055 1414 2085; x_wconf 94' lang='lat'><strong>¹</strong></span> 
     </span>
     <span class='ocr_line' id='line_1_17' title="bbox 238 2152 1414 2265; baseline -0.004 -26"><span class='ocrx_word' id='word_1_119' title='bbox 238 2172 386 2260; x_wconf 83' lang='lat' dir='ltr'>darhber,</span> <span class='ocrx_word' id='word_1_120' title='bbox 418 2173 466 2240; x_wconf 89' lang='lat' dir='ltr'>sio</span> <span class='ocrx_word' id='word_1_121' title='bbox 498 2181 659 2240; x_wconf 75' lang='lat' dir='ltr'>vertrdten</span> <span class='ocrx_word' id='word_1_122' title='bbox 692 2174 744 2240; x_wconf 89' lang='lat' dir='ltr'>boi</span> <span class='ocrx_word' id='word_1_123' title='bbox 772 2173 835 2240; x_wconf 89' lang='lat' dir='ltr'>don</span> <span class='ocrx_word' id='word_1_124' title='bbox 868 2174 1009 2255; x_wconf 83' lang='lat' dir='ltr'>Frauen,</span> <span class='ocrx_word' id='word_1_125' title='bbox 1050 2173 1103 2241; x_wconf 92' lang='lat' dir='ltr'>die</span> <span class='ocrx_word' id='word_1_126' title='bbox 1137 2173 1186 2240; x_wconf 93' lang='lat' dir='ltr'>sie</span> <span class='ocrx_word' id='word_1_127' title='bbox 1218 2194 1260 2240; x_wconf 89' lang='lat' dir='ltr'>an</span> <span class='ocrx_word' id='word_1_128' title='bbox 1288 2172 1331 2238; x_wconf 91' lang='lat' dir='ltr'>deu</span> <span class='ocrx_word' id='word_1_129' title='bbox 1392 2152 1414 2265; x_wconf 20' lang='lat'>&#39;¹&#39;</span> 
     </span>
     <span class='ocr_line' id='line_1_18' title="bbox 238 2263 1407 2373; baseline -0.003 -25"><span class='ocrx_word' id='word_1_130' title='bbox 238 2280 346 2348; x_wconf 90' lang='lat' dir='ltr'>Ohren</span> <span class='ocrx_word' id='word_1_131' title='bbox 369 2288 498 2368; x_wconf 83' lang='lat' dir='ltr'>trilgen,</span> <span class='ocrx_word' id='word_1_132' title='bbox 523 2281 576 2350; x_wconf 93' lang='lat' dir='ltr'>die</span> <span class='ocrx_word' id='word_1_133' title='bbox 600 2281 702 2349; x_wconf 87' lang='lat' dir='ltr'>Stelle</span> <span class='ocrx_word' id='word_1_134' title='bbox 726 2280 784 2349; x_wconf 85' lang='lat' dir='ltr'>d&#39;es</span> <span class='ocrx_word' id='word_1_135' title='bbox 807 2281 952 2366; x_wconf 87' lang='lat' dir='ltr'>Liktors,</span> <span class='ocrx_word' id='word_1_136' title='bbox 982 2281 1041 2349; x_wconf 91' lang='lat' dir='ltr'>der</span> <span class='ocrx_word' id='word_1_137' title='bbox 1067 2301 1125 2348; x_wconf 84' lang='lat' dir='ltr'>ror</span> <span class='ocrx_word' id='word_1_138' title='bbox 1153 2280 1217 2349; x_wconf 91' lang='lat' dir='ltr'>den</span> <span class='ocrx_word' id='word_1_139' title='bbox 1240 2281 1331 2348; x_wconf 85' lang='lat' dir='ltr'>Vestr-</span> <span class='ocrx_word' id='word_1_140' title='bbox 1392 2263 1407 2373; x_wconf 45' lang='grc' dir='ltr'>ζμ</span> 
     </span>
     <span class='ocr_line' id='line_1_19' title="bbox 237 2386 1333 2476; baseline -0.008 -19"><span class='ocrx_word' id='word_1_141' title='bbox 237 2391 346 2457; x_wconf 92' lang='lat' dir='ltr'>linnen</span> <span class='ocrx_word' id='word_1_142' title='bbox 381 2389 583 2457; x_wconf 85' lang='lat' dir='ltr'>herzutreten</span> <span class='ocrx_word' id='word_1_143' title='bbox 616 2389 752 2476; x_wconf 84' lang='lat' dir='ltr'>pflegte:</span> <span class='ocrx_word' id='word_1_144' title='bbox 791 2388 959 2475; x_wconf 88' lang='lat' dir='ltr'>,Lictorem</span> <span class='ocrx_word' id='word_1_145' title='bbox 992 2389 1131 2456; x_wconf 88' lang='lat' dir='ltr'>feminae</span> <span class='ocrx_word' id='word_1_146' title='bbox 1162 2389 1196 2455; x_wconf 92' lang='lat' dir='ltr'>in</span> <span class='ocrx_word' id='word_1_147' title='bbox 1228 2386 1333 2475; x_wconf 86' lang='lat' dir='ltr'>publico</span> 
     </span>
     <span class='ocr_line' id='line_1_20' title="bbox 238 2491 1409 2584; baseline -0.006 -20"><span class='ocrx_word' id='word_1_148' title='bbox 238 2498 388 2564; x_wconf 93' lang='lat' dir='ltr'>unionem</span> <span class='ocrx_word' id='word_1_149' title='bbox 425 2498 518 2565; x_wconf 87' lang='lat' dir='ltr'>esse‘</span> <span class='ocrx_word' id='word_1_150' title='bbox 568 2498 649 2564; x_wconf 83' lang='lat' dir='ltr'>Eine</span> <span class='ocrx_word' id='word_1_151' title='bbox 686 2497 891 2584; x_wconf 87' lang='lat' dir='ltr'>Hauptstelle</span> <span class='ocrx_word' id='word_1_152' title='bbox 933 2497 1011 2564; x_wconf 81' lang='lat' dir='ltr'>uber</span> <span class='ocrx_word' id='word_1_153' title='bbox 1052 2496 1143 2564; x_wconf 91' lang='lat' dir='ltr'>diese</span> <span class='ocrx_word' id='word_1_154' title='bbox 1185 2517 1246 2564; x_wconf 91' lang='lat' dir='ltr'>aus</span> <span class='ocrx_word' id='word_1_155' title='bbox 1284 2491 1334 2560; x_wconf 88' lang='lat' dir='ltr'>drei</span> <span class='ocrx_word' id='word_1_156' title='bbox 1397 2500 1409 2537; x_wconf 37' lang='grc' dir='ltr'>ν’</span> 
     </span>
     <span class='ocr_line' id='line_1_21' title="bbox 240 2602 1333 2691; baseline -0.003 -21"><span class='ocrx_word' id='word_1_157' title='bbox 240 2605 499 2691; x_wconf 81' lang='lat' dir='ltr'>Gloekenperlen</span> <span class='ocrx_word' id='word_1_158' title='bbox 523 2605 742 2672; x_wconf 89' lang='lat' dir='ltr'>bestehenden</span> <span class='ocrx_word' id='word_1_159' title='bbox 766 2602 963 2671; x_wconf 86' lang='lat' dir='ltr'>Girandoleu</span> <span class='ocrx_word' id='word_1_160' title='bbox 992 2605 1035 2670; x_wconf 89' lang='lat' dir='ltr'>ist</span> <span class='ocrx_word' id='word_1_161' title='bbox 1057 2605 1091 2669; x_wconf 94' lang='lat' dir='ltr'>in</span> <span class='ocrx_word' id='word_1_162' title='bbox 1114 2602 1179 2671; x_wconf 86' lang='lat' dir='ltr'>den</span> <span class='ocrx_word' id='word_1_163' title='bbox 1202 2605 1276 2690; x_wconf 87' lang='lat' dir='ltr'>Dig.</span> <span class='ocrx_word' id='word_1_164' title='bbox 1297 2603 1333 2676; x_wconf 82' lang='grc'>34,</span> 
     </span>
     <span class='ocr_line' id='line_1_22' title="bbox 239 2693 1413 2797; baseline -0.006 -17"><span class='ocrx_word' id='word_1_165' title='bbox 239 2715 269 2791; x_wconf 94' lang='grc'>2,</span> <span class='ocrx_word' id='word_1_166' title='bbox 292 2715 345 2797; x_wconf 87' lang='grc'>32,</span> <span class='ocrx_word' id='word_1_167' title='bbox 370 2715 401 2796; x_wconf 86' lang='grc'>8,</span> <span class='ocrx_word' id='word_1_168' title='bbox 434 2732 562 2779; x_wconf 89' lang='lat' dir='ltr'>woraus</span> <span class='ocrx_word' id='word_1_169' title='bbox 593 2732 668 2778; x_wconf 93' lang='lat' dir='ltr'>man</span> <span class='ocrx_word' id='word_1_170' title='bbox 701 2711 794 2791; x_wconf 86' lang='lat' dir='ltr'>sieht,</span> <span class='ocrx_word' id='word_1_171' title='bbox 829 2711 907 2779; x_wconf 90' lang='lat' dir='ltr'>dass</span> <span class='ocrx_word' id='word_1_172' title='bbox 935 2732 1010 2777; x_wconf 87' lang='lat' dir='ltr'>man</span> <span class='ocrx_word' id='word_1_173' title='bbox 1038 2717 1130 2778; x_wconf 92' lang='lat' dir='ltr'>unter</span> <span class='ocrx_word' id='word_1_174' title='bbox 1158 2711 1213 2779; x_wconf 89' lang='lat' dir='ltr'>dio</span> <span class='ocrx_word' id='word_1_175' title='bbox 1240 2710 1336 2778; x_wconf 86' lang='lat' dir='ltr'>Perleu</span> <span class='ocrx_word' id='word_1_176' title='bbox 1396 2693 1413 2789; x_wconf 48' lang='grc' dir='ltr'>’ἶ</span> 
     </span>
     <span class='ocr_line' id='line_1_23' title="bbox 239 2817 1413 2903; baseline 0.003 -16"><span class='ocrx_word' id='word_1_177' title='bbox 239 2819 441 2903; x_wconf 87' lang='lat' dir='ltr'>Smaragden</span> <span class='ocrx_word' id='word_1_178' title='bbox 472 2819 617 2886; x_wconf 88' lang='lat' dir='ltr'>mischte.</span> <span class='ocrx_word' id='word_1_179' title='bbox 671 2818 841 2887; x_wconf 81' lang='lat' dir='ltr'>Nathrlicb</span> <span class='ocrx_word' id='word_1_180' title='bbox 873 2819 971 2885; x_wconf 90' lang='lat' dir='ltr'>nahm</span> <span class='ocrx_word' id='word_1_181' title='bbox 1001 2839 1076 2884; x_wconf 92' lang='lat' dir='ltr'>man</span> <span class='ocrx_word' id='word_1_182' title='bbox 1109 2819 1142 2884; x_wconf 82' lang='lat' dir='ltr'>ln</span> <span class='ocrx_word' id='word_1_183' title='bbox 1170 2820 1228 2885; x_wconf 89' lang='lat' dir='ltr'>dor</span> <span class='ocrx_word' id='word_1_184' title='bbox 1256 2817 1339 2898; x_wconf 72' lang='lat' dir='ltr'>Ilolgt</span> <span class='ocrx_word' id='word_1_185' title='bbox 1405 2823 1413 2890; x_wconf 85' lang='lat'>&#39;.</span> 
     </span>
     <span class='ocr_line' id='line_1_24' title="bbox 238 2898 1408 2994; baseline -0.007 0"><span class='ocrx_word' id='word_1_186' title='bbox 238 2934 319 2994; x_wconf 86' lang='lat' dir='ltr'>statt</span> <span class='ocrx_word' id='word_1_187' title='bbox 342 2927 400 2992; x_wconf 87' lang='lat' dir='ltr'>der</span> <span class='ocrx_word' id='word_1_188' title='bbox 422 2926 598 2993; x_wconf 86' lang='lat' dir='ltr'>hostharen</span> <span class='ocrx_word' id='word_1_189' title='bbox 621 2927 736 2994; x_wconf 85' lang='lat' dir='ltr'>Perlen</span> <span class='ocrx_word' id='word_1_190' title='bbox 761 2927 843 2993; x_wconf 83' lang='lat' dir='ltr'>oster</span> <span class='ocrx_word' id='word_1_191' title='bbox 866 2927 977 2993; x_wconf 88' lang='lat' dir='ltr'>Steiue</span> <span class='ocrx_word' id='word_1_192' title='bbox 1001 2925 1081 2992; x_wconf 89' lang='lat' dir='ltr'>odor</span> <span class='ocrx_word' id='word_1_193' title='bbox 1102 2925 1213 2992; x_wconf 87' lang='lat' dir='ltr'>kleino</span> <span class='ocrx_word' id='word_1_194' title='bbox 1231 2920 1339 2993; x_wconf 83' lang='lat' dir='ltr'>Metal·</span> <span class='ocrx_word' id='word_1_195' title='bbox 1398 2898 1408 2937; x_wconf 74' lang='lat'><strong>¹</strong></span> 
     </span>
     <span class='ocr_line' id='line_1_25' title="bbox 238 3027 1411 3119; baseline -0.006 -18"><span class='ocrx_word' id='word_1_196' title='bbox 238 3033 421 3119; x_wconf 79' lang='lat' dir='ltr'>hugelohen</span> <span class='ocrx_word' id='word_1_197' title='bbox 461 3033 527 3099; x_wconf 94' lang='lat' dir='ltr'>und</span> <span class='ocrx_word' id='word_1_198' title='bbox 568 3040 687 3100; x_wconf 88' lang='lat' dir='ltr'>nannte</span> <span class='ocrx_word' id='word_1_199' title='bbox 734 3033 825 3101; x_wconf 92' lang='lat' dir='ltr'>diese</span> <span class='ocrx_word' id='word_1_200' title='bbox 867 3032 1083 3118; x_wconf 86' lang='lat' dir='ltr'>Obrgehenke</span> <span class='ocrx_word' id='word_1_201' title='bbox 1125 3033 1281 3100; x_wconf 75' lang='lat' dir='ltr'>crotalia«</span> <span class='ocrx_word' id='word_1_202' title='bbox 1319 3027 1347 3091; x_wconf 73' lang='lat' dir='ltr'>ei</span> <span class='ocrx_word' id='word_1_203' title='bbox 1403 3030 1411 3043; x_wconf 64' lang='lat'>⁴</span> 
     </span>
     <span class='ocr_line' id='line_1_26' title="bbox 237 3139 1413 3225; baseline -0.003 -18"><span class='ocrx_word' id='word_1_204' title='bbox 237 3141 454 3208; x_wconf 87' lang='lat' dir='ltr'>Bluemner:</span> <span class='ocrx_word' id='word_1_205' title='bbox 479 3139 664 3207; x_wconf 83' lang='lat' dir='ltr'>Gerrerbe</span> <span class='ocrx_word' id='word_1_206' title='bbox 693 3140 766 3207; x_wconf 93' lang='lat' dir='ltr'>und</span> <span class='ocrx_word' id='word_1_207' title='bbox 794 3141 941 3207; x_wconf 81' lang='lat' dir='ltr'>Kbnste</span> <span class='ocrx_word' id='word_1_208' title='bbox 969 3140 1011 3225; x_wconf 95' lang='lat' dir='ltr'>II,</span> <span class='ocrx_word' id='word_1_209' title='bbox 1043 3143 1123 3208; x_wconf 85' lang='lat'>380:</span> <span class='ocrx_word' id='word_1_210' title='bbox 1159 3141 1244 3208; x_wconf 74' lang='lat' dir='ltr'>&gt;Die</span> <span class='ocrx_word' id='word_1_211' title='bbox 1275 3140 1351 3207; x_wconf 84' lang='lat' dir='ltr'>birn-</span> <span class='ocrx_word' id='word_1_212' title='bbox 1411 3212 1413 3217; x_wconf 52' lang='grc'>,</span> 
     </span>
     <span class='ocr_line' id='line_1_27' title="bbox 238 3247 919 3333; baseline -0.009 -19"><span class='ocrx_word' id='word_1_213' title='bbox 238 3248 396 3330; x_wconf 78' lang='lat' dir='ltr'>lormigen</span> <span class='ocrx_word' id='word_1_214' title='bbox 418 3247 544 3332; x_wconf 90' lang='lat' dir='ltr'>[Perlen</span> <span class='ocrx_word' id='word_1_215' title='bbox 567 3248 708 3333; x_wconf 87' lang='lat' dir='ltr'>heissen]</span> <span class='ocrx_word' id='word_1_216' title='bbox 735 3248 919 3314; x_wconf 72' lang='lat' dir='ltr'>elenchi«</span> 
     </span>
    </p>

    <p class='ocr_par' dir='ltr' id='par_1_7' title="bbox 239 3353 1373 3977">
     <span class='ocr_line' id='line_1_28' title="bbox 306 3353 1360 3441; baseline 0.003 -21"><span class='ocrx_word' id='word_1_217' title='bbox 306 3353 472 3432; x_wconf 84' lang='lat' dir='ltr'>Quomodo</span> <span class='ocrx_word' id='word_1_218' title='bbox 496 3355 616 3421; x_wconf 88' lang='lat' dir='ltr'>sactum</span> <span class='ocrx_word' id='word_1_219' title='bbox 639 3356 688 3441; x_wconf 88' lang='lat' dir='ltr'>sit,</span> <span class='ocrx_word' id='word_1_220' title='bbox 712 3362 748 3421; x_wconf 92' lang='lat' dir='ltr'>ut</span> <span class='ocrx_word' id='word_1_221' title='bbox 764 3355 950 3440; x_wconf 86' lang='lat' dir='ltr'>margaritis</span> <span class='ocrx_word' id='word_1_222' title='bbox 970 3354 1030 3420; x_wconf 92' lang='lat' dir='ltr'>hoc</span> <span class='ocrx_word' id='word_1_223' title='bbox 1049 3374 1164 3421; x_wconf 91' lang='lat' dir='ltr'>nomen</span> <span class='ocrx_word' id='word_1_224' title='bbox 1183 3355 1360 3424; x_wconf 72' lang='lat' dir='ltr'>inderetur:</span> 
     </span>
     <span class='ocr_line' id='line_1_29' title="bbox 240 3461 1364 3548; baseline 0 -19"><span class='ocrx_word' id='word_1_225' title='bbox 240 3462 445 3547; x_wconf 89' lang='lat' dir='ltr'>cognoscitur</span> <span class='ocrx_word' id='word_1_226' title='bbox 465 3482 505 3527; x_wconf 86' lang='lat' dir='ltr'>ex</span> <span class='ocrx_word' id='word_1_227' title='bbox 522 3462 612 3529; x_wconf 89' lang='lat' dir='ltr'>vocis</span> <span class='ocrx_word' id='word_1_228' title='bbox 633 3463 785 3530; x_wconf 88' lang='lat' dir='ltr'>elenchus</span> <span class='ocrx_word' id='word_1_229' title='bbox 805 3462 1042 3547; x_wconf 89' lang='lat' dir='ltr'>significatione</span> <span class='ocrx_word' id='word_1_230' title='bbox 1062 3461 1151 3548; x_wconf 90' lang='lat' dir='ltr'>apud</span> <span class='ocrx_word' id='word_1_231' title='bbox 1169 3463 1364 3531; x_wconf 74' lang='lat' dir='ltr'>Suetonium</span> 
     </span>
     <span class='ocr_line' id='line_1_30' title="bbox 241 3569 1367 3657; baseline 0.004 -21"><span class='ocrx_word' id='word_1_232' title='bbox 241 3577 273 3636; x_wconf 88' lang='lat' dir='ltr'>et</span> <span class='ocrx_word' id='word_1_233' title='bbox 296 3569 393 3634; x_wconf 91' lang='lat' dir='ltr'>Plinii</span> <span class='ocrx_word' id='word_1_234' title='bbox 417 3569 566 3636; x_wconf 88' lang='lat' dir='ltr'>librarios</span> <span class='ocrx_word' id='word_1_235' title='bbox 590 3571 687 3636; x_wconf 85' lang='lat' dir='ltr'>obuia</span> <span class='ocrx_word' id='word_1_236' title='bbox 711 3571 766 3653; x_wconf 83' lang='lat' dir='ltr'>(II)</span> <span class='ocrx_word' id='word_1_237' title='bbox 792 3577 824 3638; x_wconf 88' lang='lat' dir='ltr'>et</span> <span class='ocrx_word' id='word_1_238' title='bbox 847 3591 889 3637; x_wconf 84' lang='lat' dir='ltr'>ex</span> <span class='ocrx_word' id='word_1_239' title='bbox 911 3570 1038 3637; x_wconf 94' lang='lat' dir='ltr'>nomine</span> <span class='ocrx_word' id='word_1_240' title='bbox 1062 3570 1189 3656; x_wconf 81' lang='lat' dir='ltr'>Latino,</span> <span class='ocrx_word' id='word_1_241' title='bbox 1216 3593 1280 3657; x_wconf 90' lang='lat' dir='ltr'>qno</span> <span class='ocrx_word' id='word_1_242' title='bbox 1298 3573 1367 3639; x_wconf 65' lang='lat' dir='ltr'>eas</span> 
     </span>
     <span class='ocr_line' id='line_1_31' title="bbox 240 3673 1370 3763; baseline 0.003 -21"><span class='ocrx_word' id='word_1_243' title='bbox 240 3677 424 3762; x_wconf 87' lang='lat' dir='ltr'>appellatas</span> <span class='ocrx_word' id='word_1_244' title='bbox 449 3698 521 3743; x_wconf 91' lang='lat' dir='ltr'>esse</span> <span class='ocrx_word' id='word_1_245' title='bbox 546 3679 668 3744; x_wconf 91' lang='lat' dir='ltr'>Probus</span> <span class='ocrx_word' id='word_1_246' title='bbox 692 3699 746 3763; x_wconf 87' lang='lat' dir='ltr'>ap.</span> <span class='ocrx_word' id='word_1_247' title='bbox 766 3677 866 3745; x_wconf 90' lang='lat' dir='ltr'>schol.</span> <span class='ocrx_word' id='word_1_248' title='bbox 883 3678 999 3744; x_wconf 88' lang='lat' dir='ltr'>Vallae</span> <span class='ocrx_word' id='word_1_249' title='bbox 1022 3678 1116 3745; x_wconf 88' lang='lat' dir='ltr'>testis</span> <span class='ocrx_word' id='word_1_250' title='bbox 1137 3685 1187 3746; x_wconf 92' lang='lat' dir='ltr'>est</span> <span class='ocrx_word' id='word_1_251' title='bbox 1204 3673 1370 3758; x_wconf 81' lang='lat' dir='ltr'>(titulati)-</span> 
     </span>
     <span class='ocr_line' id='line_1_32' title="bbox 239 3785 1372 3870; baseline 0.004 -20"><span class='ocrx_word' id='word_1_252' title='bbox 239 3785 390 3851; x_wconf 89' lang='lat' dir='ltr'>Mulieres</span> <span class='ocrx_word' id='word_1_253' title='bbox 432 3785 515 3851; x_wconf 92' lang='lat' dir='ltr'>enim</span> <span class='ocrx_word' id='word_1_254' title='bbox 555 3786 597 3853; x_wconf 93' lang='lat' dir='ltr'>iis</span> <span class='ocrx_word' id='word_1_255' title='bbox 638 3786 825 3869; x_wconf 87' lang='lat' dir='ltr'>margaritis</span> <span class='ocrx_word' id='word_1_256' title='bbox 867 3792 1000 3851; x_wconf 88' lang='lat' dir='ltr'>ornatae</span> <span class='ocrx_word' id='word_1_257' title='bbox 1037 3785 1150 3870; x_wconf 89' lang='lat' dir='ltr'>quasi</span> <span class='ocrx_word' id='word_1_258' title='bbox 1189 3785 1372 3854; x_wconf 82' lang='lat' dir='ltr'>indice¹1¹</span> 
     </span>
     <span class='ocr_line' id='line_1_33' title="bbox 240 3891 1373 3977; baseline -0.002 -19"><span class='ocrx_word' id='word_1_259' title='bbox 240 3891 427 3977; x_wconf 91' lang='lat' dir='ltr'>quendam</span> <span class='ocrx_word' id='word_1_260' title='bbox 450 3891 658 3977; x_wconf 88' lang='lat' dir='ltr'>dignitatis</span> <span class='ocrx_word' id='word_1_261' title='bbox 687 3914 783 3961; x_wconf 89' lang='lat' dir='ltr'>suae</span> <span class='ocrx_word' id='word_1_262' title='bbox 811 3894 1031 3971; x_wconf 89' lang='lat' dir='ltr'>ostentabant,</span> <span class='ocrx_word' id='word_1_263' title='bbox 1062 3893 1082 3958; x_wconf 93' lang='lat' dir='ltr'>i.</span> <span class='ocrx_word' id='word_1_264' title='bbox 1108 3913 1136 3961; x_wconf 86' lang='lat' dir='ltr'>e.</span> <span class='ocrx_word' id='word_1_265' title='bbox 1164 3893 1199 3959; x_wconf 90' lang='lat' dir='ltr'>in</span> <span class='ocrx_word' id='word_1_266' title='bbox 1227 3893 1373 3961; x_wconf 71' lang='lat' dir='ltr'>auribus</span> 
     </span>
    </p>

    <p class='ocr_par' dir='ltr' id='par_1_8' title="bbox 182 3994 1371 4088">
     <span class='ocr_line' id='line_1_34' title="bbox 182 3994 1371 4088; baseline -0.001 -23"><span class='ocrx_word' id='word_1_267' title='bbox 182 4071 185 4077; x_wconf 60' lang='lat'>‚</span> <span class='ocrx_word' id='word_1_268' title='bbox 240 3999 396 4082; x_wconf 86' lang='lat' dir='ltr'>gerebant</span> <span class='ocrx_word' id='word_1_269' title='bbox 427 3999 564 4084; x_wconf 88' lang='lat' dir='ltr'>insigne,</span> <span class='ocrx_word' id='word_1_270' title='bbox 599 4021 662 4086; x_wconf 91' lang='lat' dir='ltr'>quo</span> <span class='ocrx_word' id='word_1_271' title='bbox 695 4021 805 4067; x_wconf 87' lang='lat' dir='ltr'>earnm</span> <span class='ocrx_word' id='word_1_272' title='bbox 838 4001 1014 4067; x_wconf 87' lang='lat' dir='ltr'>auctoritas</span> <span class='ocrx_word' id='word_1_273' title='bbox 1048 4007 1146 4084; x_wconf 87' lang='lat' dir='ltr'>atque</span> <span class='ocrx_word' id='word_1_274' title='bbox 1178 3994 1371 4088; x_wconf 85' lang='lat' dir='ltr'>amplitud⁰</span> 
     </span>
    </p>

    <p class='ocr_par' dir='ltr' id='par_1_9' title="bbox 240 4096 1371 4301">
     <span class='ocr_line' id='line_1_35' title="bbox 240 4096 1371 4194; baseline 0.003 -23"><span class='ocrx_word' id='word_1_275' title='bbox 240 4096 386 4174; x_wconf 87' lang='lat' dir='ltr'>omnibus</span> <span class='ocrx_word' id='word_1_276' title='bbox 414 4106 595 4174; x_wconf 94' lang='lat' dir='ltr'>hominibus</span> <span class='ocrx_word' id='word_1_277' title='bbox 623 4109 656 4174; x_wconf 95' lang='lat' dir='ltr'>in</span> <span class='ocrx_word' id='word_1_278' title='bbox 684 4115 796 4194; x_wconf 88' lang='lat' dir='ltr'>aperto</span> <span class='ocrx_word' id='word_1_279' title='bbox 825 4114 928 4186; x_wconf 80' lang='lat' dir='ltr'>esset:</span> <span class='ocrx_word' id='word_1_280' title='bbox 962 4105 1081 4174; x_wconf 88' lang='lat' dir='ltr'>adhibe</span> <span class='ocrx_word' id='word_1_281' title='bbox 1109 4107 1208 4173; x_wconf 91' lang='lat' dir='ltr'>etiam</span> <span class='ocrx_word' id='word_1_282' title='bbox 1232 4109 1371 4175; x_wconf 76' lang='lat' dir='ltr'>eroes·</span> 
     </span>
     <span class='ocr_line' id='line_1_36' title="bbox 241 4213 1370 4301; baseline 0 -22"><span class='ocrx_word' id='word_1_283' title='bbox 241 4213 489 4280; x_wconf 81' lang='lat' dir='ltr'>Graeco-Lat.</span> <span class='ocrx_word' id='word_1_284' title='bbox 517 4236 549 4301; x_wconf 88' lang='lat' dir='ltr'>p.</span> <span class='ocrx_word' id='word_1_285' title='bbox 578 4218 631 4283; x_wconf 89' lang='grc'>55.</span> <span class='ocrx_word' id='word_1_286' title='bbox 687 4215 887 4281; x_wconf 89' lang='lat' dir='ltr'>Vocabulum</span> <span class='ocrx_word' id='word_1_287' title='bbox 920 4214 1075 4282; x_wconf 89' lang='lat' dir='ltr'>elenchi</span> <span class='ocrx_word' id='word_1_288' title='bbox 1109 4236 1155 4282; x_wconf 90' lang='lat' dir='ltr'>ex</span> <span class='ocrx_word' id='word_1_289' title='bbox 1184 4219 1370 4282; x_wconf 57' lang='lat' dir='ltr'>sermonil</span> 
     </span>
    </p>
   </div>
   <div class='ocr_carea' id='block_1_3' title="bbox 240 4304 1366 4498">
    <p class='ocr_par' dir='ltr' id='par_1_10' title="bbox 240 4304 1366 4498">
     <span class='ocr_line' id='line_1_37' title="bbox 241 4304 1366 4410; baseline 0.001 -25"><span class='ocrx_word' id='word_1_290' title='bbox 241 4318 441 4387; x_wconf 89' lang='lat' dir='ltr'>cotidiano</span> <span class='ocrx_word' id='word_1_291' title='bbox 483 4321 516 4386; x_wconf 92' lang='lat' dir='ltr'>in</span> <span class='ocrx_word' id='word_1_292' title='bbox 557 4321 720 4388; x_wconf 88' lang='lat' dir='ltr'>luvenalis</span> <span class='ocrx_word' id='word_1_293' title='bbox 764 4328 891 4389; x_wconf 89' lang='lat' dir='ltr'>saturas</span> <span class='ocrx_word' id='word_1_294' title='bbox 933 4322 1042 4391; x_wconf 88' lang='lat' dir='ltr'>abisse</span> <span class='ocrx_word' id='word_1_295' title='bbox 1084 4322 1138 4390; x_wconf 81' lang='lat' dir='ltr'>vix</span> <span class='ocrx_word' id='word_1_296' title='bbox 1178 4329 1229 4390; x_wconf 90' lang='lat' dir='ltr'>est</span> <span class='ocrx_word' id='word_1_297' title='bbox 1269 4304 1366 4410; x_wconf 82' lang='lat' dir='ltr'>quod</span> 
     </span>
     <span class='ocr_line' id='line_1_38' title="bbox 240 4447 396 4498; baseline -0.006 0"><span class='ocrx_word' id='word_1_298' title='bbox 240 4447 396 4498; x_wconf 78' lang='lat' dir='ltr'>moneam.</span> 
     </span>
    </p>
   </div>
   <div class='ocr_carea' id='block_1_4' title="bbox 0 0 1420 4996">
    <p class='ocr_par' dir='ltr' id='par_1_11' title="bbox 0 0 1420 4996">
     <span class='ocr_line' id='line_1_39' title="bbox 0 0 1420 4996; baseline 0 0"><span class='ocrx_word' id='word_1_299' title='bbox 0 0 1420 4996; x_wconf 95' lang='lat' dir='ltr'> </span> 
     </span>
    </p>
   </div>
  </div>
 </body>
</html>
