<?xml version="1.0" encoding="UTF-8"?>
<!DOCTYPE html PUBLIC "-//W3C//DTD XHTML 1.0 Transitional//EN"
    "http://www.w3.org/TR/xhtml1/DTD/xhtml1-transitional.dtd">
<html xmlns="http://www.w3.org/1999/xhtml" xml:lang="en" lang="en">
 <head>
  <title>
</title>
<meta http-equiv="Content-Type" content="text/html;charset=utf-8" />
  <meta name='ocr-system' content='tesseract 3.04.00' />
  <meta name='ocr-capabilities' content='ocr_page ocr_carea ocr_par ocr_line ocrx_word'/>
</head>
<body>
  <div class='ocr_page' id='page_1' title='image "./iuvenalisgraeci00thiegoog_0008.png"; bbox 0 0 2828 5002; ppageno 0'>
   <div class='ocr_carea' id='block_1_1' title="bbox 49 1456 1065 1580">
    <p class='ocr_par' dir='ltr' id='par_1_1' title="bbox 49 1456 1065 1580">
     <span class='ocr_line' id='line_1_1' title="bbox 49 1456 1065 1580; baseline 0.003 -30"><span class='ocrx_word' id='word_1_1' title='bbox 49 1456 264 1551; x_wconf 83' lang='lat' dir='ltr'>Rerum</span> <span class='ocrx_word' id='word_1_2' title='bbox 299 1459 671 1555; x_wconf 84' lang='lat' dir='ltr'><strong>tractatarum</strong></span> <span class='ocrx_word' id='word_1_3' title='bbox 707 1462 1065 1580; x_wconf 83' lang='lat' dir='ltr'><strong>conspectus.</strong></span> 
     </span>
    </p>
   </div>
   <div class='ocr_carea' id='block_1_2' title="bbox 483 1676 643 1685">
    <p class='ocr_par' dir='ltr' id='par_1_2' title="bbox 483 1676 643 1685">
     <span class='ocr_line' id='line_1_2' title="bbox 483 1676 643 1685; baseline 0 -1"><span class='ocrx_word' id='word_1_4' title='bbox 483 1676 643 1685; x_wconf 75' lang='lat'>--—-—</span> 
     </span>
    </p>
   </div>
   <div class='ocr_carea' id='block_1_3' title="bbox 462 1737 1122 1873">
    <p class='ocr_par' dir='ltr' id='par_1_3' title="bbox 462 1737 1122 1873">
     <span class='ocr_line' id='line_1_3' title="bbox 462 1737 1122 1873; baseline 0.003 -5"><span class='ocrx_word' id='word_1_5' title='bbox 462 1810 664 1871; x_wconf 79' lang='lat' dir='ltr'><strong>Praefatio</strong></span> <span class='ocrx_word' id='word_1_6' title='bbox 667 1852 993 1873; x_wconf 90' lang='grc'><strong>..........</strong></span> <span class='ocrx_word' id='word_1_7' title='bbox 1035 1737 1122 1870; x_wconf 61' lang='lat' dir='ltr'>1p-16</span> 
     </span>
    </p>
   </div>
   <div class='ocr_carea' id='block_1_4' title="bbox 10 1923 1122 2174">
    <p class='ocr_par' dir='ltr' id='par_1_4' title="bbox 10 1923 1122 2174">
     <span class='ocr_line' id='line_1_4' title="bbox 10 1923 997 1995; baseline -0.001 -16"><span class='ocrx_word' id='word_1_8' title='bbox 10 1939 29 1979; x_wconf 86' lang='lat' dir='ltr'><strong>l.</strong></span> <span class='ocrx_word' id='word_1_9' title='bbox 60 1925 153 1990; x_wconf 80' lang='lat' dir='ltr'><strong>Quae</strong></span> <span class='ocrx_word' id='word_1_10' title='bbox 177 1924 216 1978; x_wconf 91' lang='lat' dir='ltr'><strong>de</strong></span> <span class='ocrx_word' id='word_1_11' title='bbox 235 1924 414 1980; x_wconf 87' lang='lat' dir='ltr'><strong>vocabulis</strong></span> <span class='ocrx_word' id='word_1_12' title='bbox 435 1923 577 1980; x_wconf 86' lang='lat' dir='ltr'><strong>Graecis</strong></span> <span class='ocrx_word' id='word_1_13' title='bbox 601 1952 636 1962; x_wconf 91' lang='lat'>-</span> <span class='ocrx_word' id='word_1_14' title='bbox 659 1923 858 1980; x_wconf 77' lang='lat' dir='ltr'><strong>nominibus</strong></span> <span class='ocrx_word' id='word_1_15' title='bbox 877 1925 997 1995; x_wconf 85' lang='lat' dir='ltr'><strong>appel-</strong></span> 
     </span>
     <span class='ocr_line' id='line_1_5' title="bbox 61 2013 997 2084; baseline 0.003 -17"><span class='ocrx_word' id='word_1_16' title='bbox 61 2013 185 2068; x_wconf 87' lang='lat' dir='ltr'><strong>lativis</strong></span> <span class='ocrx_word' id='word_1_17' title='bbox 210 2042 244 2050; x_wconf 91' lang='lat'><strong>—</strong></span> <span class='ocrx_word' id='word_1_18' title='bbox 267 2013 301 2067; x_wconf 90' lang='lat' dir='ltr'><strong>in</strong></span> <span class='ocrx_word' id='word_1_19' title='bbox 324 2013 479 2084; x_wconf 81' lang='lat' dir='ltr'><strong>linguam</strong></span> <span class='ocrx_word' id='word_1_20' title='bbox 502 2013 660 2070; x_wconf 83' lang='lat' dir='ltr'><strong>Latinam</strong></span> <span class='ocrx_word' id='word_1_21' title='bbox 682 2013 870 2069; x_wconf 74' lang='lat' dir='ltr'><strong>translatis</strong></span> <span class='ocrx_word' id='word_1_22' title='bbox 889 2031 997 2083; x_wconf 87' lang='lat' dir='ltr'><strong>usquc</strong></span> 
     </span>
     <span class='ocr_line' id='line_1_6' title="bbox 61 2102 1122 2174; baseline -0.002 -16"><span class='ocrx_word' id='word_1_23' title='bbox 61 2103 104 2158; x_wconf 90' lang='lat' dir='ltr'><strong>ad</strong></span> <span class='ocrx_word' id='word_1_24' title='bbox 122 2103 210 2157; x_wconf 89' lang='lat' dir='ltr'><strong>hanc</strong></span> <span class='ocrx_word' id='word_1_25' title='bbox 229 2106 378 2159; x_wconf 89' lang='lat' dir='ltr'><strong>aetatem</strong></span> <span class='ocrx_word' id='word_1_26' title='bbox 397 2103 530 2174; x_wconf 90' lang='lat' dir='ltr'><strong>scripta</strong></span> <span class='ocrx_word' id='word_1_27' title='bbox 548 2102 633 2158; x_wconf 87' lang='lat' dir='ltr'><strong>sint:</strong></span> <span class='ocrx_word' id='word_1_28' title='bbox 662 2143 991 2158; x_wconf 91' lang='grc'><strong>..........</strong></span> <span class='ocrx_word' id='word_1_29' title='bbox 1034 2102 1085 2156; x_wconf 85' lang='grc'><strong>1-</strong></span> <span class='ocrx_word' id='word_1_30' title='bbox 1105 2103 1122 2156; x_wconf 87' lang='grc'>8</span> 
     </span>
    </p>
   </div>
   <div class='ocr_carea' id='block_1_5' title="bbox 60 2208 1121 2566">
    <p class='ocr_par' dir='ltr' id='par_1_5' title="bbox 61 2208 1120 2370">
     <span class='ocr_line' id='line_1_7' title="bbox 61 2208 995 2281; baseline 0.001 -16"><span class='ocrx_word' id='word_1_31' title='bbox 61 2208 91 2276; x_wconf 87' lang='lat' dir='ltr'><strong>a)</strong></span> <span class='ocrx_word' id='word_1_32' title='bbox 115 2227 133 2265; x_wconf 90' lang='lat' dir='ltr'><strong>a</strong></span> <span class='ocrx_word' id='word_1_33' title='bbox 160 2209 352 2279; x_wconf 83' lang='lat' dir='ltr'><strong>grammaticis</strong></span> <span class='ocrx_word' id='word_1_34' title='bbox 381 2209 489 2266; x_wconf 86' lang='lat' dir='ltr'><strong>Latinis</strong></span> <span class='ocrx_word' id='word_1_35' title='bbox 517 2228 606 2280; x_wconf 87' lang='lat' dir='ltr'><strong>usque</strong></span> <span class='ocrx_word' id='word_1_36' title='bbox 633 2210 670 2266; x_wconf 78' lang='lat' dir='ltr'><strong>od</strong></span> <span class='ocrx_word' id='word_1_37' title='bbox 697 2210 900 2281; x_wconf 76' lang='lat' dir='ltr'><strong>grammatibus</strong></span> <span class='ocrx_word' id='word_1_38' title='bbox 923 2228 995 2266; x_wconf 86' lang='lat' dir='ltr'><strong>com·</strong></span> 
     </span>
     <span class='ocr_line' id='line_1_8' title="bbox 116 2299 1120 2370; baseline -0.002 -16"><span class='ocrx_word' id='word_1_39' title='bbox 116 2299 264 2370; x_wconf 89' lang='lat' dir='ltr'><strong>parativae</strong></span> <span class='ocrx_word' id='word_1_40' title='bbox 284 2303 425 2370; x_wconf 88' lang='lat' dir='ltr'><strong>tempora;</strong></span> <span class='ocrx_word' id='word_1_41' title='bbox 450 2338 990 2356; x_wconf 89' lang='grc'><strong>................</strong></span> <span class='ocrx_word' id='word_1_42' title='bbox 1033 2299 1120 2352; x_wconf 85' lang='grc'><strong>1-2</strong></span> 
     </span>
    </p>

    <p class='ocr_par' dir='ltr' id='par_1_6' title="bbox 60 2388 1121 2566">
     <span class='ocr_line' id='line_1_9' title="bbox 60 2388 995 2477; baseline -0.001 -16"><span class='ocrx_word' id='word_1_43' title='bbox 60 2407 91 2472; x_wconf 78' lang='lat' dir='ltr'><strong>o)</strong></span> <span class='ocrx_word' id='word_1_44' title='bbox 116 2405 165 2475; x_wconf 87' lang='lat' dir='ltr'><strong>qui</strong></span> <span class='ocrx_word' id='word_1_45' title='bbox 187 2406 254 2460; x_wconf 74' lang='lat' dir='ltr'><strong>nori</strong></span> <span class='ocrx_word' id='word_1_46' title='bbox 276 2388 412 2463; x_wconf 61' lang='lat' dir='ltr'><strong>memora</strong></span> <span class='ocrx_word' id='word_1_47' title='bbox 437 2406 595 2477; x_wconf 76' lang='lat' dir='ltr'><strong>dignissimi</strong></span> <span class='ocrx_word' id='word_1_48' title='bbox 614 2407 769 2462; x_wconf 71' lang='lat' dir='ltr'><strong>seeundum</strong></span> <span class='ocrx_word' id='word_1_49' title='bbox 792 2406 995 2476; x_wconf 55' lang='lat' dir='ltr'><strong>mammaeae</strong></span> 
     </span>
     <span class='ocr_line' id='line_1_10' title="bbox 118 2495 1121 2566; baseline -0.001 -17"><span class='ocrx_word' id='word_1_50' title='bbox 118 2495 327 2566; x_wconf 76' lang='lat' dir='ltr'><strong>comparativae</strong></span> <span class='ocrx_word' id='word_1_51' title='bbox 345 2499 498 2566; x_wconf 87' lang='lat' dir='ltr'><strong>praecepta</strong></span> <span class='ocrx_word' id='word_1_52' title='bbox 517 2495 637 2551; x_wconf 80' lang='lat' dir='ltr'><strong>confesti</strong></span> <span class='ocrx_word' id='word_1_53' title='bbox 656 2495 690 2550; x_wconf 87' lang='lat' dir='ltr'><strong>de</strong></span> <span class='ocrx_word' id='word_1_54' title='bbox 708 2495 763 2549; x_wconf 86' lang='lat' dir='ltr'><strong>hac</strong></span> <span class='ocrx_word' id='word_1_55' title='bbox 780 2512 811 2549; x_wconf 89' lang='lat' dir='ltr'><strong>re</strong></span> <span class='ocrx_word' id='word_1_56' title='bbox 829 2496 953 2550; x_wconf 88' lang='lat' dir='ltr'><strong>exstent.</strong></span> <span class='ocrx_word' id='word_1_57' title='bbox 985 2535 991 2548; x_wconf 91' lang='lat'>.</span> <span class='ocrx_word' id='word_1_58' title='bbox 1032 2495 1121 2548; x_wconf 80' lang='lat'><strong>2-8</strong></span> 
     </span>
    </p>
   </div>
   <div class='ocr_carea' id='block_1_6' title="bbox 118 2599 1120 2671">
    <p class='ocr_par' dir='ltr' id='par_1_7' title="bbox 118 2599 1120 2671">
     <span class='ocr_line' id='line_1_11' title="bbox 118 2599 1120 2671; baseline -0.032 -6"><span class='ocrx_word' id='word_1_59' title='bbox 118 2600 146 2668; x_wconf 79' lang='grc' dir='ltr'><strong>α)</strong></span> <span class='ocrx_word' id='word_1_60' title='bbox 172 2601 333 2658; x_wconf 72' lang='lat' dir='ltr'><strong>Generatim</strong></span> <span class='ocrx_word' id='word_1_61' title='bbox 352 2605 437 2671; x_wconf 78' lang='lat' dir='ltr'><strong>atque</strong></span> <span class='ocrx_word' id='word_1_62' title='bbox 456 2601 586 2658; x_wconf 82' lang='lat' dir='ltr'><strong>universe</strong></span> <span class='ocrx_word' id='word_1_63' title='bbox 588 2641 992 2668; x_wconf 53' lang='grc'><strong>,,,,,,,,,,,,</strong></span> <span class='ocrx_word' id='word_1_64' title='bbox 1032 2599 1085 2654; x_wconf 72' lang='lat'><strong>2..</strong></span> <span class='ocrx_word' id='word_1_65' title='bbox 1104 2601 1120 2654; x_wconf 78' lang='grc'><strong>6</strong></span> 
     </span>
    </p>
   </div>
   <div class='ocr_carea' id='block_1_7' title="bbox 120 2705 1121 2869">
    <p class='ocr_par' dir='ltr' id='par_1_8' title="bbox 120 2705 1121 2869">
     <span class='ocr_line' id='line_1_12' title="bbox 120 2705 995 2781; baseline -0.002 -18"><span class='ocrx_word' id='word_1_66' title='bbox 120 2706 146 2775; x_wconf 83' lang='grc' dir='ltr'><strong>β)</strong></span> <span class='ocrx_word' id='word_1_67' title='bbox 170 2708 212 2764; x_wconf 91' lang='lat' dir='ltr'><strong>De</strong></span> <span class='ocrx_word' id='word_1_68' title='bbox 234 2710 393 2765; x_wconf 89' lang='lat' dir='ltr'><strong>nominibus</strong></span> <span class='ocrx_word' id='word_1_69' title='bbox 417 2708 599 2781; x_wconf 80' lang='lat' dir='ltr'><strong>appellativis</strong></span> <span class='ocrx_word' id='word_1_70' title='bbox 624 2707 738 2764; x_wconf 78' lang='lat' dir='ltr'><strong>Graecis</strong></span> <span class='ocrx_word' id='word_1_71' title='bbox 765 2706 842 2779; x_wconf 84' lang='lat' dir='ltr'><strong>apud</strong></span> <span class='ocrx_word' id='word_1_72' title='bbox 869 2705 995 2778; x_wconf 83' lang='lat' dir='ltr'><strong>singulos</strong></span> 
     </span>
     <span class='ocr_line' id='line_1_13' title="bbox 172 2797 1121 2869; baseline -0.002 -16"><span class='ocrx_word' id='word_1_73' title='bbox 172 2798 321 2869; x_wconf 82' lang='lat' dir='ltr'><strong>scriptores</strong></span> <span class='ocrx_word' id='word_1_74' title='bbox 341 2798 456 2854; x_wconf 86' lang='lat' dir='ltr'><strong>Latinos</strong></span> <span class='ocrx_word' id='word_1_75' title='bbox 486 2837 885 2853; x_wconf 91' lang='grc'><strong>............</strong></span> <span class='ocrx_word' id='word_1_76' title='bbox 904 2837 920 2866; x_wconf 73' lang='grc'><strong>,.</strong></span> <span class='ocrx_word' id='word_1_77' title='bbox 950 2839 956 2851; x_wconf 95' lang='grc'>.</span> <span class='ocrx_word' id='word_1_78' title='bbox 985 2838 992 2853; x_wconf 92' lang='grc'><strong>.</strong></span> <span class='ocrx_word' id='word_1_79' title='bbox 1033 2797 1121 2851; x_wconf 86' lang='grc'><strong>6-8</strong></span> 
     </span>
    </p>
   </div>
   <div class='ocr_carea' id='block_1_8' title="bbox 10 2903 1120 3228">
    <p class='ocr_par' dir='ltr' id='par_1_9' title="bbox 10 2903 1120 3228">
     <span class='ocr_line' id='line_1_14' title="bbox 10 2903 996 2976; baseline -0.001 -17"><span class='ocrx_word' id='word_1_80' title='bbox 10 2913 25 2961; x_wconf 76' lang='lat' dir='ltr'><strong>l.</strong></span> <span class='ocrx_word' id='word_1_81' title='bbox 58 2906 149 2971; x_wconf 85' lang='lat' dir='ltr'><strong>Quas</strong></span> <span class='ocrx_word' id='word_1_82' title='bbox 173 2906 267 2976; x_wconf 87' lang='lat' dir='ltr'><strong>leges</strong></span> <span class='ocrx_word' id='word_1_83' title='bbox 291 2906 448 2974; x_wconf 87' lang='lat' dir='ltr'><strong>equidem</strong></span> <span class='ocrx_word' id='word_1_84' title='bbox 471 2905 505 2959; x_wconf 91' lang='lat' dir='ltr'><strong>in</strong></span> <span class='ocrx_word' id='word_1_85' title='bbox 529 2905 747 2974; x_wconf 83' lang='lat' dir='ltr'><strong>quaestione,</strong></span> <span class='ocrx_word' id='word_1_86' title='bbox 772 2920 858 2973; x_wconf 87' lang='lat' dir='ltr'><strong>quae</strong></span> <span class='ocrx_word' id='word_1_87' title='bbox 877 2903 916 2959; x_wconf 89' lang='lat' dir='ltr'><strong>de</strong></span> <span class='ocrx_word' id='word_1_88' title='bbox 935 2921 996 2958; x_wconf 91' lang='lat' dir='ltr'><strong>usu</strong></span> 
     </span>
     <span class='ocr_line' id='line_1_15' title="bbox 60 2991 996 3064; baseline -0.003 -15"><span class='ocrx_word' id='word_1_89' title='bbox 60 2995 307 3050; x_wconf 81' lang='lat' dir='ltr'><strong>vocabulorum</strong></span> <span class='ocrx_word' id='word_1_90' title='bbox 339 2994 544 3050; x_wconf 83' lang='lat' dir='ltr'><strong>Graecorum</strong></span> <span class='ocrx_word' id='word_1_91' title='bbox 577 2993 667 3064; x_wconf 82' lang='lat' dir='ltr'><strong>apud</strong></span> <span class='ocrx_word' id='word_1_92' title='bbox 699 2992 855 3064; x_wconf 87' lang='lat' dir='ltr'><strong>singulos</strong></span> <span class='ocrx_word' id='word_1_93' title='bbox 889 2991 996 3062; x_wconf 87' lang='lat' dir='ltr'><strong>scrip·</strong></span> 
     </span>
     <span class='ocr_line' id='line_1_16' title="bbox 60 3082 995 3149; baseline 0 -12"><span class='ocrx_word' id='word_1_94' title='bbox 60 3087 157 3138; x_wconf 89' lang='lat' dir='ltr'><strong>tores</strong></span> <span class='ocrx_word' id='word_1_95' title='bbox 181 3083 321 3138; x_wconf 82' lang='lat' dir='ltr'><strong>Latinos</strong></span> <span class='ocrx_word' id='word_1_96' title='bbox 345 3082 562 3147; x_wconf 88' lang='lat' dir='ltr'><strong>instituitur,</strong></span> <span class='ocrx_word' id='word_1_97' title='bbox 591 3082 823 3149; x_wconf 82' lang='lat' dir='ltr'><strong>observandas</strong></span> <span class='ocrx_word' id='word_1_98' title='bbox 847 3098 921 3137; x_wconf 84' lang='lat' dir='ltr'><strong>esse</strong></span> <span class='ocrx_word' id='word_1_99' title='bbox 941 3097 995 3137; x_wconf 83' lang='lat' dir='ltr'><strong>cx·</strong></span> 
     </span>
     <span class='ocr_line' id='line_1_17' title="bbox 61 3170 1120 3228; baseline -0.003 -2"><span class='ocrx_word' id='word_1_100' title='bbox 61 3173 213 3228; x_wconf 88' lang='lat' dir='ltr'><strong>istimem</strong></span> <span class='ocrx_word' id='word_1_101' title='bbox 274 3211 990 3227; x_wconf 85' lang='grc'><strong>.....................</strong></span> <span class='ocrx_word' id='word_1_102' title='bbox 1031 3170 1120 3225; x_wconf 87' lang='grc'>8-16</span> 
     </span>
    </p>
   </div>
   <div class='ocr_carea' id='block_1_9' title="bbox 77 3277 1121 3440">
    <p class='ocr_par' dir='ltr' id='par_1_10' title="bbox 77 3277 1121 3440">
     <span class='ocr_line' id='line_1_18' title="bbox 77 3277 995 3349; baseline 0 -16"><span class='ocrx_word' id='word_1_103' title='bbox 77 3282 98 3334; x_wconf 93' lang='grc' dir='ltr'><strong>Ι.</strong></span> <span class='ocrx_word' id='word_1_104' title='bbox 122 3280 200 3345; x_wconf 83' lang='lat' dir='ltr'><strong>Quae</strong></span> <span class='ocrx_word' id='word_1_105' title='bbox 228 3281 351 3336; x_wconf 89' lang='lat' dir='ltr'><strong>omnium</strong></span> <span class='ocrx_word' id='word_1_106' title='bbox 384 3280 584 3336; x_wconf 87' lang='lat' dir='ltr'><strong>vocabulorum</strong></span> <span class='ocrx_word' id='word_1_107' title='bbox 613 3278 783 3334; x_wconf 80' lang='lat' dir='ltr'><strong>Graecorum</strong></span> <span class='ocrx_word' id='word_1_108' title='bbox 810 3277 840 3332; x_wconf 89' lang='lat' dir='ltr'><strong>in</strong></span> <span class='ocrx_word' id='word_1_109' title='bbox 867 3277 995 3349; x_wconf 76' lang='lat' dir='ltr'><strong>lingnam</strong></span> 
     </span>
     <span class='ocr_line' id='line_1_19' title="bbox 127 3366 1121 3440; baseline -0.001 -17"><span class='ocrx_word' id='word_1_110' title='bbox 127 3369 257 3424; x_wconf 88' lang='lat' dir='ltr'><strong>Latinam</strong></span> <span class='ocrx_word' id='word_1_111' title='bbox 276 3372 453 3440; x_wconf 86' lang='lat' dir='ltr'><strong>receptorum</strong></span> <span class='ocrx_word' id='word_1_112' title='bbox 471 3386 577 3439; x_wconf 86' lang='lat' dir='ltr'><strong>genera</strong></span> <span class='ocrx_word' id='word_1_113' title='bbox 594 3367 716 3423; x_wconf 83' lang='lat' dir='ltr'><strong>discerni</strong></span> <span class='ocrx_word' id='word_1_114' title='bbox 734 3366 844 3438; x_wconf 85' lang='lat' dir='ltr'><strong>possint</strong></span> <span class='ocrx_word' id='word_1_115' title='bbox 877 3408 883 3421; x_wconf 90' lang='lat'>.</span> <span class='ocrx_word' id='word_1_116' title='bbox 911 3407 919 3423; x_wconf 89' lang='lat'><strong>.</strong></span> <span class='ocrx_word' id='word_1_117' title='bbox 948 3408 955 3423; x_wconf 91' lang='lat'><strong>.</strong></span> <span class='ocrx_word' id='word_1_118' title='bbox 984 3408 990 3422; x_wconf 93' lang='lat'><strong>.</strong></span> <span class='ocrx_word' id='word_1_119' title='bbox 1032 3367 1121 3422; x_wconf 78' lang='lat'>9-10</span> 
     </span>
    </p>
   </div>
   <div class='ocr_carea' id='block_1_10' title="bbox 62 3473 1120 3636">
    <p class='ocr_par' dir='ltr' id='par_1_11' title="bbox 62 3473 1120 3636">
     <span class='ocr_line' id='line_1_20' title="bbox 62 3473 995 3546; baseline -0.001 -17"><span class='ocrx_word' id='word_1_120' title='bbox 62 3477 98 3529; x_wconf 93' lang='lat' dir='ltr'><strong>Il.</strong></span> <span class='ocrx_word' id='word_1_121' title='bbox 123 3475 201 3540; x_wconf 81' lang='lat' dir='ltr'><strong>Quae</strong></span> <span class='ocrx_word' id='word_1_122' title='bbox 224 3494 267 3530; x_wconf 90' lang='lat' dir='ltr'><strong>res</strong></span> <span class='ocrx_word' id='word_1_123' title='bbox 286 3477 316 3530; x_wconf 93' lang='lat' dir='ltr'><strong>in</strong></span> <span class='ocrx_word' id='word_1_124' title='bbox 335 3475 478 3531; x_wconf 88' lang='lat' dir='ltr'><strong>vocabulis</strong></span> <span class='ocrx_word' id='word_1_125' title='bbox 499 3475 612 3531; x_wconf 88' lang='lat' dir='ltr'><strong>Graecis</strong></span> <span class='ocrx_word' id='word_1_126' title='bbox 631 3474 808 3546; x_wconf 85' lang='lat' dir='ltr'><strong>singulorum</strong></span> <span class='ocrx_word' id='word_1_127' title='bbox 825 3473 995 3545; x_wconf 84' lang='lat' dir='ltr'><strong>scriptorum</strong></span> 
     </span>
     <span class='ocr_line' id='line_1_21' title="bbox 127 3563 1120 3636; baseline -0.002 -18"><span class='ocrx_word' id='word_1_128' title='bbox 127 3565 290 3620; x_wconf 88' lang='lat' dir='ltr'><strong>Latinorum</strong></span> <span class='ocrx_word' id='word_1_129' title='bbox 309 3565 466 3620; x_wconf 78' lang='lat' dir='ltr'><strong>tractandis</strong></span> <span class='ocrx_word' id='word_1_130' title='bbox 485 3565 656 3636; x_wconf 84' lang='lat' dir='ltr'><strong>spectandae</strong></span> <span class='ocrx_word' id='word_1_131' title='bbox 673 3564 732 3618; x_wconf 91' lang='lat' dir='ltr'><strong>sint</strong></span> <span class='ocrx_word' id='word_1_132' title='bbox 771 3601 991 3618; x_wconf 89' lang='grc'><strong>.......</strong></span> <span class='ocrx_word' id='word_1_133' title='bbox 1016 3563 1120 3619; x_wconf 88' lang='grc'><strong>10-13</strong></span> 
     </span>
    </p>
   </div>
   <div class='ocr_carea' id='block_1_11' title="bbox 129 3669 1120 3817">
    <p class='ocr_par' dir='ltr' id='par_1_12' title="bbox 129 3669 1120 3817">
     <span class='ocr_line' id='line_1_22' title="bbox 129 3669 995 3740; baseline -0.002 -15"><span class='ocrx_word' id='word_1_134' title='bbox 129 3672 295 3726; x_wconf 85' lang='lat' dir='ltr'><strong>Summatim</strong></span> <span class='ocrx_word' id='word_1_135' title='bbox 323 3673 357 3727; x_wconf 89' lang='lat' dir='ltr'><strong>de</strong></span> <span class='ocrx_word' id='word_1_136' title='bbox 381 3673 476 3728; x_wconf 88' lang='lat' dir='ltr'><strong>Plauti</strong></span> <span class='ocrx_word' id='word_1_137' title='bbox 500 3675 529 3727; x_wconf 90' lang='lat' dir='ltr'><strong>et</strong></span> <span class='ocrx_word' id='word_1_138' title='bbox 552 3671 692 3727; x_wconf 80' lang='lat' dir='ltr'><strong>Ciceronis</strong></span> <span class='ocrx_word' id='word_1_139' title='bbox 715 3669 875 3726; x_wconf 89' lang='lat' dir='ltr'><strong>nominibus</strong></span> <span class='ocrx_word' id='word_1_140' title='bbox 898 3670 995 3740; x_wconf 88' lang='lat' dir='ltr'><strong>appel·</strong></span> 
     </span>
     <span class='ocr_line' id='line_1_23' title="bbox 163 3759 1120 3817; baseline -0.001 -2"><span class='ocrx_word' id='word_1_141' title='bbox 163 3761 258 3815; x_wconf 79' lang='lat' dir='ltr'><strong>latinis</strong></span> <span class='ocrx_word' id='word_1_142' title='bbox 278 3760 391 3817; x_wconf 83' lang='lat' dir='ltr'><strong>Graecis</strong></span> <span class='ocrx_word' id='word_1_143' title='bbox 416 3798 991 3817; x_wconf 87' lang='grc'><strong>.................</strong></span> <span class='ocrx_word' id='word_1_144' title='bbox 1016 3759 1120 3814; x_wconf 91' lang='grc'><strong>11-13</strong></span> 
     </span>
    </p>
   </div>
   <div class='ocr_carea' id='block_1_12' title="bbox 52 3866 1120 4029">
    <p class='ocr_par' dir='ltr' id='par_1_13' title="bbox 52 3866 1120 4029">
     <span class='ocr_line' id='line_1_24' title="bbox 52 3866 996 3939; baseline 0 -17"><span class='ocrx_word' id='word_1_145' title='bbox 52 3869 103 3924; x_wconf 87' lang='lat'>111.</span> <span class='ocrx_word' id='word_1_146' title='bbox 128 3868 203 3933; x_wconf 84' lang='lat' dir='ltr'><strong>Quas</strong></span> <span class='ocrx_word' id='word_1_147' title='bbox 218 3886 262 3924; x_wconf 87' lang='lat' dir='ltr'><strong>res</strong></span> <span class='ocrx_word' id='word_1_148' title='bbox 275 3869 312 3924; x_wconf 89' lang='lat' dir='ltr'><strong>ad</strong></span> <span class='ocrx_word' id='word_1_149' title='bbox 326 3888 407 3925; x_wconf 86' lang='lat' dir='ltr'><strong>nsum</strong></span> <span class='ocrx_word' id='word_1_150' title='bbox 421 3869 641 3939; x_wconf 86' lang='lat' dir='ltr'><strong>uniuscuiusque</strong></span> <span class='ocrx_word' id='word_1_151' title='bbox 659 3868 791 3925; x_wconf 83' lang='lat' dir='ltr'><strong>vocabuli</strong></span> <span class='ocrx_word' id='word_1_152' title='bbox 805 3866 906 3923; x_wconf 82' lang='lat' dir='ltr'><strong>Graeci</strong></span> <span class='ocrx_word' id='word_1_153' title='bbox 920 3869 996 3922; x_wconf 88' lang='lat' dir='ltr'><strong>recte</strong></span> 
     </span>
     <span class='ocr_line' id='line_1_25' title="bbox 127 3956 1120 4029; baseline -0.002 -18"><span class='ocrx_word' id='word_1_154' title='bbox 127 3957 348 4028; x_wconf 88' lang='lat' dir='ltr'><strong>intellegendum</strong></span> <span class='ocrx_word' id='word_1_155' title='bbox 367 3959 499 4015; x_wconf 84' lang='lat' dir='ltr'><strong>accedere</strong></span> <span class='ocrx_word' id='word_1_156' title='bbox 517 3961 648 4029; x_wconf 86' lang='lat' dir='ltr'><strong>oporteat</strong></span> <span class='ocrx_word' id='word_1_157' title='bbox 664 3995 991 4012; x_wconf 86' lang='lat'><strong>..........</strong></span> <span class='ocrx_word' id='word_1_158' title='bbox 1016 3956 1120 4010; x_wconf 83' lang='lat'>13-15</span> 
     </span>
    </p>
   </div>
   <div class='ocr_carea' id='block_1_13' title="bbox 10 4063 1120 4223">
    <p class='ocr_par' dir='ltr' id='par_1_14' title="bbox 10 4063 1120 4223">
     <span class='ocr_line' id='line_1_26' title="bbox 10 4063 995 4136; baseline 0 -19"><span class='ocrx_word' id='word_1_159' title='bbox 10 4069 64 4121; x_wconf 71' lang='lat' dir='ltr'><strong>tur</strong></span> <span class='ocrx_word' id='word_1_160' title='bbox 102 4066 137 4118; x_wconf 91' lang='lat' dir='ltr'><strong>in</strong></span> <span class='ocrx_word' id='word_1_161' title='bbox 171 4066 346 4121; x_wconf 83' lang='lat' dir='ltr'><strong>luvenalis</strong></span> <span class='ocrx_word' id='word_1_162' title='bbox 378 4067 597 4136; x_wconf 87' lang='lat' dir='ltr'><strong>potissimum</strong></span> <span class='ocrx_word' id='word_1_163' title='bbox 632 4082 731 4120; x_wconf 85' lang='lat' dir='ltr'><strong>voees</strong></span> <span class='ocrx_word' id='word_1_164' title='bbox 765 4064 912 4119; x_wconf 81' lang='lat' dir='ltr'><strong>Graecas</strong></span> <span class='ocrx_word' id='word_1_165' title='bbox 944 4063 995 4117; x_wconf 92' lang='lat' dir='ltr'><strong>in·</strong></span> 
     </span>
     <span class='ocr_line' id='line_1_27' title="bbox 71 4151 1120 4223; baseline -0.001 -14"><span class='ocrx_word' id='word_1_166' title='bbox 71 4154 211 4223; x_wconf 87' lang='lat' dir='ltr'><strong>qnirero</strong></span> <span class='ocrx_word' id='word_1_167' title='bbox 234 4154 477 4211; x_wconf 88' lang='lat' dir='ltr'><strong>constituerim</strong></span> <span class='ocrx_word' id='word_1_168' title='bbox 488 4191 990 4211; x_wconf 89' lang='grc'><strong><em>...............</em></strong></span> <span class='ocrx_word' id='word_1_169' title='bbox 1015 4151 1120 4207; x_wconf 83' lang='grc'>15-16</span> 
     </span>
    </p>
   </div>
   <div class='ocr_carea' id='block_1_14' title="bbox 10 4262 1084 4513">
    <p class='ocr_par' dir='ltr' id='par_1_15' title="bbox 10 4262 1084 4513">
     <span class='ocr_line' id='line_1_28' title="bbox 10 4262 410 4330; baseline -0.008 -11"><span class='ocrx_word' id='word_1_170' title='bbox 10 4262 77 4319; x_wconf 74' lang='lat' dir='ltr'><strong>iibri</strong></span> <span class='ocrx_word' id='word_1_171' title='bbox 96 4262 161 4325; x_wconf 83' lang='lat' dir='ltr'><strong>mei,</strong></span> <span class='ocrx_word' id='word_1_172' title='bbox 181 4262 229 4330; x_wconf 89' lang='lat' dir='ltr'><strong>qui</strong></span> <span class='ocrx_word' id='word_1_173' title='bbox 247 4262 410 4317; x_wconf 85' lang='lat' dir='ltr'><strong>inscribitur</strong></span> 
     </span>
     <span class='ocr_line' id='line_1_29' title="bbox 10 4347 994 4419; baseline -0.008 -10"><span class='ocrx_word' id='word_1_174' title='bbox 10 4351 143 4409; x_wconf 85' lang='lat' dir='ltr'><strong>nvenalis</strong></span> <span class='ocrx_word' id='word_1_175' title='bbox 159 4350 339 4406; x_wconf 84' lang='lat' dir='ltr'><strong>Graecissans</strong></span> <span class='ocrx_word' id='word_1_176' title='bbox 352 4352 412 4406; x_wconf 84' lang='lat' dir='ltr'><strong>eive</strong></span> <span class='ocrx_word' id='word_1_177' title='bbox 425 4351 467 4407; x_wconf 87' lang='lat' dir='ltr'><strong>De</strong></span> <span class='ocrx_word' id='word_1_178' title='bbox 480 4349 595 4406; x_wconf 80' lang='lat' dir='ltr'><strong>vocibus</strong></span> <span class='ocrx_word' id='word_1_179' title='bbox 610 4349 724 4405; x_wconf 85' lang='lat' dir='ltr'><strong>Graecis</strong></span> <span class='ocrx_word' id='word_1_180' title='bbox 738 4347 815 4419; x_wconf 86' lang='lat' dir='ltr'><strong>apud</strong></span> <span class='ocrx_word' id='word_1_181' title='bbox 825 4347 994 4413; x_wconf 80' lang='lat' dir='ltr'><strong>iuvenalem,</strong></span> 
     </span>
     <span class='ocr_line' id='line_1_30' title="bbox 70 4439 1084 4513; baseline -0.005 -17"><span class='ocrx_word' id='word_1_182' title='bbox 70 4443 312 4513; x_wconf 77' lang='lat' dir='ltr'><strong>argumentum</strong></span> <span class='ocrx_word' id='word_1_183' title='bbox 315 4475 991 4497; x_wconf 89' lang='grc'><strong>....................</strong></span> <span class='ocrx_word' id='word_1_184' title='bbox 1051 4439 1084 4492; x_wconf 82' lang='grc'><strong>16</strong></span> 
     </span>
    </p>
   </div>
   <div class='ocr_carea' id='block_1_15' title="bbox 0 0 1418 5002">
    <p class='ocr_par' dir='ltr' id='par_1_16' title="bbox 0 0 1418 5002">
     <span class='ocr_line' id='line_1_31' title="bbox 0 0 1418 5002; baseline 0 0"><span class='ocrx_word' id='word_1_185' title='bbox 0 0 1418 5002; x_wconf 95' lang='lat' dir='ltr'><strong> </strong></span> 
     </span>
    </p>
   </div>
  </div>
 </body>
</html>
