2828 5002
661 365 704 432 os

183 559 398 646 Quantopere
426 559 476 626 his
505 558 652 626 omnibus
680 559 819 625 cultibus
849 556 1014 625 effrenatis
1047 579 1087 623 ac
1114 556 1246 625 furiosis

141 688 339 733 omanomm
362 687 468 733 mores
492 668 634 752 corrupti
657 665 892 751 depravatique
915 664 989 747 sint,

541 826 570 895 q)
588 825 823 903 Bacchanalia

141 934 172 1017 tl,
199 937 234 1013 3)
259 931 447 1018 ostendunt,
481 954 564 1017 quae
588 940 702 1016 quarto
727 952 854 1016 quoque
877 952 961 998 anuo
986 938 1141 997 nocturno
1165 937 1242 998 tem·

141 1061 200 1107 ore
224 1040 500 1107 turbulentissime
523 1047 620 1124 atque
642 1039 969 1124 intemperantissime
993 1039 1184 1123 agebantur,
1209 1043 1245 1103 ut

141 1148 192 1211 eri
215 1168 281 1213 non
304 1155 425 1231 posset,
451 1145 526 1231 quin
552 1146 592 1212 de
614 1146 656 1212 iis
679 1146 745 1210 iam
768 1166 853 1211 anno
879 1166 909 1211 a.
926 1145 999 1213 Obr.
1015 1165 1046 1212 n.
1071 1145 1245 1211 centesimo
1323 1127 1327 1136 ’

141 1255 322 1338 ctogesimo
347 1261 438 1319 sexto
463 1260 595 1320 senatus
618 1254 764 1319 consulto
787 1253 843 1319 illo
869 1252 909 1318 de
932 1252 1246 1319 Bacchanalibus

141 1359 208 1445 boto
233 1359 494 1445 interdiceretur,
521 1360 600 1427 Liv.
625 1360 778 1440 XXXIX,
806 1363 857 1443 18,
883 1363 912 1428 8.
960 1359 1012 1424 Illi
1040 1366 1147 1425 autem
1175 1358 1246 1425 dies

159 1467 213 1552 sti,
244 1467 392 1551 quamvis
416 1467 557 1532 omnium
587 1474 766 1552 temporum
796 1466 1007 1550 magistratus
1036 1466 1187 1551 pervim
1216 1470 1247 1530 et

164 1573 294 1659 ppliciis
318 1592 374 1639 eos
399 1593 548 1640 coercere
571 1593 611 1638 ac
635 1573 835 1658 supprimere
858 1572 1035 1658 studerent,
1059 1578 1168 1638 tamen
1192 1592 1246 1637 ex·
1302 1614 1314 1644 q

160 1679 255 1766 'rpari
280 1699 320 1745 ac
344 1679 488 1746 funditus
511 1680 582 1745 tolli
606 1700 769 1764 nunquam
791 1687 973 1766 pctuemnt.

188 1789 297 1871 Atque
321 1787 419 1852 etiam
441 1786 556 1871 religio

554 1944 577 2015 δ)
600 1947 818 2013 ludaeorum,

168 2055 176 2119 i
207 2057 335 2120 Romae
368 2054 433 2119 iam
461 2053 663 2122 Ciceronis
696 2054 894 2140 temporibus
928 2052 1007 2136 (cic.
1042 2072 1100 2138 pro
1128 2051 1246 2117 Flacco

182 2164 275 2246 vm,
309 2160 366 2248 66)
398 2182 551 2245 magnam
587 2163 765 2248 potentiam
802 2160 915 2253 adepti
947 2167 1053 2245 erant,
1090 2158 1247 2244 paulatim

154 2288 219 2354 nge
245 2269 377 2352 lateque
400 2268 535 2352 fluebat,
569 2275 601 2334 et
631 2289 738 2335 eorum
763 2269 829 2332 iam
851 2267 991 2349 Augusti
1014 2272 1124 2332 aetate
1147 2264 1248 2331 fuisse

141 2376 275 2463 roprias
305 2374 405 2442 aedes
440 2395 553 2442 sacras
579 2367 689 2440 notum
718 2381 777 2441 est.
830 2372 997 2450 Quomodo
1029 2370 1248 2457 proseucha

141 2477 247 2552 suven.
277 2483 339 2559 III,
368 2485 448 2566 296)
476 2483 519 2549 sit
548 2480 755 2567 explicanda,
789 2480 924 2565 exposui
951 2501 984 2564 p.
1008 2482 1151 2546 25-27.
1197 2479 1249 2544 De

141 2585 253 2658 lorum
287 2589 402 2655 diebus
434 2589 538 2674 festis,
571 2589 686 2672 quibus
710 2608 825 2654 nomen
858 2594 927 2654 erat
959 2587 1139 2670 sabbata,
1173 2584 1248 2651 vide

141 2698 170 2782 1,
202 2699 272 2765 159
306 2704 338 2762 et
372 2697 458 2780 XIV,
482 2698 534 2763 96.
590 2695 754 2763 Iuvenalis
787 2696 927 2774 ludaeos
960 2714 1087 2780 semper
1118 2713 1177 2778 per
1209 2693 1249 2757 ir-

141 2811 281 2873 sionem
304 2804 452 2888 appellat
475 2809 507 2868 et
532 2823 639 2870 eorum
663 2803 854 2887 religionem
878 2823 918 2868 ao
936 2808 1173 2887 paupertatem,
1196 2800 1249 2865 vel

141 2917 233 2981 >tius
268 2917 446 2993 egestatem
481 2930 520 2975 ac
549 2910 803 2994 mendicitatem,
837 2909 1056 2975 acerbissimis
1079 2907 1248 2973 verborum

141 3021 249 3088 culeis
270 3018 386 3102 pungit
402 3019 467 3101 III,
485 3020 614 3085 13—16
635 3024 666 3081 et
683 3018 738 3101 VI,
761 3018 830 3084 549
843 3038 891 3100 sq.
924 3016 997 3083 Non
1020 3022 1128 3081 autem
1143 3014 1248 3080 cultus

141 3132 215 3195 slus
252 3132 286 3190 et
319 3123 568 3190 consuetudines
602 3144 711 3189 eorum
743 3129 818 3190 sunt
848 3130 966 3209 poetae
1002 3121 1153 3205 ludibrio,
1191 3119 1250 3186 sed

141 3239 225 3302 ‚iam
253 3238 341 3298 artes
363 3231 565 3297 mulierum
588 3229 816 3296 Iudaearum
840 3232 907 3314 (VI,
920 3233 1009 3314 543),
1034 3249 1117 3314 quae
1141 3235 1249 3295 aetate

141 3366 187 3409 ‚m
219 3346 395 3425 provectae
425 3337 587 3423 opulentis
615 3338 830 3403 Romanorum
857 3337 1013 3403 matronis
1041 3335 1149 3402 futura
1177 3356 1250 3402 sese

141 3447 320 3515 raedioere
346 3464 446 3528 posse
472 3443 720 3528 profitebantur;
753 3443 810 3508 illa
838 3450 946 3509 aetate
974 3443 1015 3509 iis
1042 3443 1140 3527 vulgo
1168 3443 1250 3509 fides

141 3555 318 3622 abebatur.
373 3551 477 3616 Simili
509 3550 605 3616 modo
642 3550 806 3616 Iuvenalis
844 3550 885 3617 de
924 3550 1119 3617 somniorum
1154 3551 1250 3616 inter-

141 3660 365 3731 retatiouibus
398 3660 464 3743 (VI,
488 3661 565 3736 547)
599 3664 630 3723 et
663 3656 704 3723 de
733 3657 869 3740 singulis
901 3657 1156 3723 institutionibus
1189 3657 1249 3721 Iu·

145 3787 312 3836 aeorum
335 3767 402 3849 (Ill,
428 3769 481 3844 14)
511 3764 701 3848 [iudaicus
729 3765 826 3845 (XIV,
851 3767 942 3848 101),
973 3765 1136 3848 Μογεοε4
1155 3764 1251 3848 (XIV,

141 3876 218 3957 02)]
249 3873 410 3938 malitiose
434 3873 589 3956 loquitur3
622 3872 762 3958 exempli
790 3873 896 3955 gratia
924 3890 980 3936 eos
1004 3870 1131 3940 deridet
1154 3877 1251 3953 atque

141 3980 321 4063 untemnit,
354 3980 438 4064 quod
468 3980 565 4046 suilla
592 4000 690 4047 carne
717 3999 822 4064 aeque
854 3978 1038 4043 abstineant
1070 3983 1167 4060 atque
1195 3977 1251 4042 bu·

141 4109 226 4154 rana
260 4088 358 4171 (XIV,
382 4089 537 4166 96-98).
593 4087 641 4150 Ex
675 4087 760 4154 Hor.
793 4091 852 4150 sat.
887 4087 912 4167 Ι,
939 4090 969 4168 4,
1001 4089 1078 4167 1433
1112 4088 1143 4167 5,
1172 4086 1251 4166 1003

147 4198 220 4278 ,to
244 4195 350 4259 elucet
372 4193 511 4258 Iudaeos
535 4191 684 4258 credulos
708 4200 740 4258 et
763 4191 935 4275 religiosos
959 4199 1056 4274 atque
1080 4190 1195 4255 anxios
1218 4191 1252 4254 in

141 4302 233 4367 acris
258 4299 443 4385 praeceptis
467 4298 678 4366 observandis
703 4319 802 4384 saepe
826 4298 927 4364 fuisse
946 4296 1100 4363 Romanis
1120 4296 1251 4362 cavilla-

141 4407 219 4476 ioui.
267 4407 364 4489 Atqui
388 4407 553 4492 exprimo
577 4406 704 4471 Horatii
728 4407 800 4471 loco
827 4405 938 4488 colligi
960 4410 1070 4490 potest
1091 4401 1166 4468 illos
1186 4403 1250 4467 iam
