<?xml version="1.0" encoding="UTF-8"?>
<!DOCTYPE html PUBLIC "-//W3C//DTD XHTML 1.0 Transitional//EN"
    "http://www.w3.org/TR/xhtml1/DTD/xhtml1-transitional.dtd">
<html xmlns="http://www.w3.org/1999/xhtml" xml:lang="en" lang="en">
 <head>
  <title>
</title>
<meta http-equiv="Content-Type" content="text/html;charset=utf-8" />
  <meta name='ocr-system' content='tesseract 3.04.00' />
  <meta name='ocr-capabilities' content='ocr_page ocr_carea ocr_par ocr_line ocrx_word'/>
</head>
<body>
  <div class='ocr_page' id='page_1' title='image "./iuvenalisgraeci00thiegoog_0013.png"; bbox 0 0 2828 5002; ppageno 0'>
   <div class='ocr_carea' id='block_1_1' title="bbox 693 356 724 420">
    <p class='ocr_par' dir='ltr' id='par_1_1' title="bbox 693 356 724 420">
     <span class='ocr_line' id='line_1_1' title="bbox 693 356 724 420; baseline 0 0"><span class='ocrx_word' id='word_1_1' title='bbox 693 356 724 420; x_wconf 91' lang='lat' dir='ltr'>X</span> 
     </span>
    </p>
   </div>
   <div class='ocr_carea' id='block_1_2' title="bbox 600 447 813 457">
    <p class='ocr_par' dir='ltr' id='par_1_2' title="bbox 600 447 813 457">
     <span class='ocr_line' id='line_1_2' title="bbox 600 447 813 457; baseline 0.014 -3"><span class='ocrx_word' id='word_1_2' title='bbox 600 447 813 457; x_wconf 75' lang='lat'><em>—-—--——-</em></span> 
     </span>
    </p>
   </div>
   <div class='ocr_carea' id='block_1_3' title="bbox 254 472 1262 800">
    <p class='ocr_par' dir='ltr' id='par_1_3' title="bbox 254 472 1262 800">
     <span class='ocr_line' id='line_1_3' title="bbox 1184 472 1209 516; baseline 0 -11"><span class='ocrx_word' id='word_1_3' title='bbox 1184 472 1209 516; x_wconf 85' lang='lat' dir='ltr'><strong>p.</strong></span> 
     </span>
     <span class='ocr_line' id='line_1_4' title="bbox 254 552 405 622; baseline 0.013 -17"><span class='ocrx_word' id='word_1_4' title='bbox 254 553 279 606; x_wconf 82' lang='lat'><strong>2.</strong></span> <span class='ocrx_word' id='word_1_5' title='bbox 298 552 405 622; x_wconf 90' lang='lat' dir='ltr'><strong>primus</strong></span> 
     </span>
     <span class='ocr_line' id='line_1_5' title="bbox 299 639 1107 712; baseline -0.002 -15"><span class='ocrx_word' id='word_1_6' title='bbox 299 640 326 708; x_wconf 78' lang='lat' dir='ltr'><strong>a)</strong></span> <span class='ocrx_word' id='word_1_7' title='bbox 346 659 381 696; x_wconf 88' lang='lat' dir='ltr'><strong>ex</strong></span> <span class='ocrx_word' id='word_1_8' title='bbox 390 641 519 697; x_wconf 91' lang='lat' dir='ltr'><strong>omnibus</strong></span> <span class='ocrx_word' id='word_1_9' title='bbox 529 641 712 711; x_wconf 73' lang='lat' dir='ltr'><strong>scriptoribus</strong></span> <span class='ocrx_word' id='word_1_10' title='bbox 723 641 840 707; x_wconf 88' lang='lat' dir='ltr'><strong>Latinis,</strong></span> <span class='ocrx_word' id='word_1_11' title='bbox 851 639 880 709; x_wconf 90' lang='lat' dir='ltr'><strong>b)</strong></span> <span class='ocrx_word' id='word_1_12' title='bbox 891 659 925 697; x_wconf 82' lang='lat' dir='ltr'><strong>ex</strong></span> <span class='ocrx_word' id='word_1_13' title='bbox 935 641 1026 712; x_wconf 91' lang='lat' dir='ltr'><strong>poetis</strong></span> <span class='ocrx_word' id='word_1_14' title='bbox 1037 642 1107 708; x_wconf 77' lang='lat' dir='ltr'><strong>Las,</strong></span> 
     </span>
     <span class='ocr_line' id='line_1_6' title="bbox 299 728 1262 800; baseline 0.001 -16"><span class='ocrx_word' id='word_1_15' title='bbox 299 728 324 796; x_wconf 84' lang='lat' dir='ltr'><strong>o)</strong></span> <span class='ocrx_word' id='word_1_16' title='bbox 343 748 395 800; x_wconf 93' lang='lat' dir='ltr'><strong>per</strong></span> <span class='ocrx_word' id='word_1_17' title='bbox 413 729 628 786; x_wconf 79' lang='lat' dir='ltr'><strong>translationem</strong></span> <span class='ocrx_word' id='word_1_18' title='bbox 630 771 1100 787; x_wconf 90' lang='grc'><strong>..............</strong></span> <span class='ocrx_word' id='word_1_19' title='bbox 1125 731 1262 786; x_wconf 77' lang='lat' dir='ltr'><strong>roa-lor</strong></span> 
     </span>
    </p>
   </div>
   <div class='ocr_carea' id='block_1_4' title="bbox 202 837 1264 997">
    <p class='ocr_par' dir='ltr' id='par_1_4' title="bbox 202 837 1264 997">
     <span class='ocr_line' id='line_1_7' title="bbox 202 837 1106 908; baseline 0.002 -18"><span class='ocrx_word' id='word_1_20' title='bbox 202 838 235 892; x_wconf 90' lang='lat' dir='ltr'><strong>II.</strong></span> <span class='ocrx_word' id='word_1_21' title='bbox 255 837 434 892; x_wconf 87' lang='lat' dir='ltr'><strong>luvenalis</strong></span> <span class='ocrx_word' id='word_1_22' title='bbox 453 856 561 892; x_wconf 91' lang='lat' dir='ltr'><strong>sermo</strong></span> <span class='ocrx_word' id='word_1_23' title='bbox 576 855 649 892; x_wconf 89' lang='lat' dir='ltr'><strong>eum</strong></span> <span class='ocrx_word' id='word_1_24' title='bbox 663 837 801 893; x_wconf 88' lang='lat' dir='ltr'><strong>Horatii</strong></span> <span class='ocrx_word' id='word_1_25' title='bbox 819 838 854 892; x_wconf 94' lang='lat' dir='ltr'><strong>in</strong></span> <span class='ocrx_word' id='word_1_26' title='bbox 873 841 933 892; x_wconf 88' lang='lat' dir='ltr'><strong>sat.</strong></span> <span class='ocrx_word' id='word_1_27' title='bbox 954 841 987 892; x_wconf 90' lang='lat' dir='ltr'><strong>et</strong></span> <span class='ocrx_word' id='word_1_28' title='bbox 1005 839 1106 908; x_wconf 90' lang='lat' dir='ltr'><strong>epist.</strong></span> 
     </span>
     <span class='ocr_line' id='line_1_8' title="bbox 254 926 1264 997; baseline 0.001 -16"><span class='ocrx_word' id='word_1_29' title='bbox 254 930 287 981; x_wconf 87' lang='lat' dir='ltr'><strong>et</strong></span> <span class='ocrx_word' id='word_1_30' title='bbox 305 926 417 982; x_wconf 88' lang='lat' dir='ltr'><strong>Persii</strong></span> <span class='ocrx_word' id='word_1_31' title='bbox 436 930 664 997; x_wconf 88' lang='lat' dir='ltr'><strong>eomparatur.</strong></span> <span class='ocrx_word' id='word_1_32' title='bbox 702 967 1101 983; x_wconf 87' lang='grc'><strong>............</strong></span> <span class='ocrx_word' id='word_1_33' title='bbox 1127 927 1264 996; x_wconf 72' lang='lat' dir='ltr'><strong>ror-142</strong></span> 
     </span>
    </p>
   </div>
   <div class='ocr_carea' id='block_1_5' title="bbox 255 1033 1264 1461">
    <p class='ocr_par' dir='ltr' id='par_1_5' title="bbox 255 1033 1264 1461">
     <span class='ocr_line' id='line_1_9' title="bbox 255 1033 1107 1104; baseline 0.004 -18"><span class='ocrx_word' id='word_1_34' title='bbox 255 1035 278 1087; x_wconf 90' lang='lat'><strong>1.</strong></span> <span class='ocrx_word' id='word_1_35' title='bbox 297 1033 449 1088; x_wconf 88' lang='lat' dir='ltr'><strong>Nominum</strong></span> <span class='ocrx_word' id='word_1_36' title='bbox 473 1033 643 1089; x_wconf 83' lang='lat' dir='ltr'><strong>Graecorum</strong></span> <span class='ocrx_word' id='word_1_37' title='bbox 672 1036 700 1089; x_wconf 93' lang='lat' dir='ltr'><strong>et</strong></span> <span class='ocrx_word' id='word_1_38' title='bbox 724 1034 960 1104; x_wconf 78' lang='lat' dir='ltr'><strong>appellativorum</strong></span> <span class='ocrx_word' id='word_1_39' title='bbox 988 1036 1016 1088; x_wconf 86' lang='lat' dir='ltr'><strong>et</strong></span> <span class='ocrx_word' id='word_1_40' title='bbox 1043 1053 1107 1104; x_wconf 89' lang='lat' dir='ltr'><strong>pro-</strong></span> 
     </span>
     <span class='ocr_line' id='line_1_10' title="bbox 298 1123 1107 1193; baseline 0 -17"><span class='ocrx_word' id='word_1_41' title='bbox 298 1123 423 1192; x_wconf 91' lang='lat' dir='ltr'><strong>priorum</strong></span> <span class='ocrx_word' id='word_1_42' title='bbox 452 1123 527 1192; x_wconf 91' lang='lat' dir='ltr'><strong>apud</strong></span> <span class='ocrx_word' id='word_1_43' title='bbox 554 1123 704 1178; x_wconf 90' lang='lat' dir='ltr'><strong>Horatium</strong></span> <span class='ocrx_word' id='word_1_44' title='bbox 731 1124 760 1177; x_wconf 91' lang='lat' dir='ltr'><strong>in</strong></span> <span class='ocrx_word' id='word_1_45' title='bbox 788 1124 891 1178; x_wconf 90' lang='lat' dir='ltr'><strong>saturis</strong></span> <span class='ocrx_word' id='word_1_46' title='bbox 919 1125 948 1178; x_wconf 87' lang='lat' dir='ltr'><strong>et</strong></span> <span class='ocrx_word' id='word_1_47' title='bbox 971 1123 1107 1193; x_wconf 89' lang='lat' dir='ltr'><strong>epistulis,</strong></span> 
     </span>
     <span class='ocr_line' id='line_1_11' title="bbox 297 1206 806 1282; baseline 0.002 -17"><span class='ocrx_word' id='word_1_48' title='bbox 297 1212 432 1277; x_wconf 81' lang='lat' dir='ltr'><strong>Persium,</strong></span> <span class='ocrx_word' id='word_1_49' title='bbox 452 1206 614 1266; x_wconf 87' lang='lat' dir='ltr'><strong>Iuvenalem</strong></span> <span class='ocrx_word' id='word_1_50' title='bbox 633 1215 806 1282; x_wconf 83' lang='lat' dir='ltr'><strong>conspectus.</strong></span> 
     </span>
     <span class='ocr_line' id='line_1_12' title="bbox 300 1300 1263 1371; baseline 0.001 -16"><span class='ocrx_word' id='word_1_51' title='bbox 300 1300 326 1368; x_wconf 85' lang='lat' dir='ltr'><strong>a)</strong></span> <span class='ocrx_word' id='word_1_52' title='bbox 345 1300 468 1356; x_wconf 89' lang='lat' dir='ltr'><strong>Nomina</strong></span> <span class='ocrx_word' id='word_1_53' title='bbox 487 1301 662 1371; x_wconf 84' lang='lat' dir='ltr'><strong>appellativa</strong></span> <span class='ocrx_word' id='word_1_54' title='bbox 681 1301 788 1357; x_wconf 84' lang='lat' dir='ltr'><strong>Graeca</strong></span> <span class='ocrx_word' id='word_1_55' title='bbox 807 1342 1100 1359; x_wconf 91' lang='grc'><strong>.........</strong></span> <span class='ocrx_word' id='word_1_56' title='bbox 1126 1302 1263 1356; x_wconf 79' lang='lat' dir='ltr'><strong>lor-121</strong></span> 
     </span>
     <span class='ocr_line' id='line_1_13' title="bbox 298 1390 1264 1461; baseline 0 -16"><span class='ocrx_word' id='word_1_57' title='bbox 298 1390 327 1458; x_wconf 91' lang='lat' dir='ltr'><strong>b)</strong></span> <span class='ocrx_word' id='word_1_58' title='bbox 345 1390 467 1446; x_wconf 88' lang='lat' dir='ltr'><strong>Nomina</strong></span> <span class='ocrx_word' id='word_1_59' title='bbox 485 1391 601 1461; x_wconf 88' lang='lat' dir='ltr'><strong>propria</strong></span> <span class='ocrx_word' id='word_1_60' title='bbox 621 1391 728 1446; x_wconf 82' lang='lat' dir='ltr'><strong>Graeca</strong></span> <span class='ocrx_word' id='word_1_61' title='bbox 739 1431 1101 1448; x_wconf 85' lang='lat'><strong>...........</strong></span> <span class='ocrx_word' id='word_1_62' title='bbox 1126 1392 1264 1446; x_wconf 72' lang='lat'>121-137</span> 
     </span>
    </p>
   </div>
   <div class='ocr_carea' id='block_1_6' title="bbox 252 1498 1266 2106">
    <p class='ocr_par' dir='ltr' id='par_1_6' title="bbox 252 1498 1266 2106">
     <span class='ocr_line' id='line_1_14' title="bbox 252 1498 1058 1570; baseline 0.001 -17"><span class='ocrx_word' id='word_1_63' title='bbox 252 1499 277 1553; x_wconf 80' lang='lat'><strong>2.</strong></span> <span class='ocrx_word' id='word_1_64' title='bbox 296 1498 413 1569; x_wconf 88' lang='lat' dir='ltr'><strong>Numeri</strong></span> <span class='ocrx_word' id='word_1_65' title='bbox 432 1499 576 1555; x_wconf 89' lang='lat' dir='ltr'><strong>nominum</strong></span> <span class='ocrx_word' id='word_1_66' title='bbox 596 1498 766 1556; x_wconf 84' lang='lat' dir='ltr'><strong>Graecorum</strong></span> <span class='ocrx_word' id='word_1_67' title='bbox 785 1501 814 1555; x_wconf 88' lang='lat' dir='ltr'><strong>et</strong></span> <span class='ocrx_word' id='word_1_68' title='bbox 832 1517 897 1570; x_wconf 84' lang='lat' dir='ltr'><strong>app.</strong></span> <span class='ocrx_word' id='word_1_69' title='bbox 917 1502 946 1555; x_wconf 89' lang='lat' dir='ltr'><strong>et</strong></span> <span class='ocrx_word' id='word_1_70' title='bbox 964 1518 1058 1570; x_wconf 89' lang='lat' dir='ltr'><strong>propr.</strong></span> 
     </span>
     <span class='ocr_line' id='line_1_15' title="bbox 299 1588 1266 1660; baseline 0 -18"><span class='ocrx_word' id='word_1_71' title='bbox 299 1588 328 1654; x_wconf 90' lang='lat' dir='ltr'><strong>a)</strong></span> <span class='ocrx_word' id='word_1_72' title='bbox 347 1588 422 1658; x_wconf 91' lang='lat' dir='ltr'><strong>apud</strong></span> <span class='ocrx_word' id='word_1_73' title='bbox 440 1588 590 1643; x_wconf 89' lang='lat' dir='ltr'><strong>Horatium</strong></span> <span class='ocrx_word' id='word_1_74' title='bbox 608 1588 638 1642; x_wconf 92' lang='lat' dir='ltr'><strong>in</strong></span> <span class='ocrx_word' id='word_1_75' title='bbox 657 1589 760 1644; x_wconf 88' lang='lat' dir='ltr'><strong>saturis</strong></span> <span class='ocrx_word' id='word_1_76' title='bbox 780 1592 808 1644; x_wconf 87' lang='lat' dir='ltr'><strong>et</strong></span> <span class='ocrx_word' id='word_1_77' title='bbox 827 1589 964 1660; x_wconf 87' lang='lat' dir='ltr'><strong>epistulis.</strong></span> <span class='ocrx_word' id='word_1_78' title='bbox 988 1630 994 1644; x_wconf 93' lang='lat'>.</span> <span class='ocrx_word' id='word_1_79' title='bbox 1023 1629 1030 1645; x_wconf 92' lang='lat'><strong>.</strong></span> <span class='ocrx_word' id='word_1_80' title='bbox 1060 1631 1066 1644; x_wconf 91' lang='lat'><strong>.</strong></span> <span class='ocrx_word' id='word_1_81' title='bbox 1095 1630 1101 1644; x_wconf 94' lang='lat'>.</span> <span class='ocrx_word' id='word_1_82' title='bbox 1127 1589 1266 1644; x_wconf 82' lang='lat'>138-140</span> 
     </span>
     <span class='ocr_line' id='line_1_16' title="bbox 299 1677 1224 1748; baseline 0 -17"><span class='ocrx_word' id='word_1_83' title='bbox 299 1677 328 1744; x_wconf 88' lang='lat' dir='ltr'><strong>b)</strong></span> <span class='ocrx_word' id='word_1_84' title='bbox 345 1678 420 1748; x_wconf 91' lang='lat' dir='ltr'><strong>apud</strong></span> <span class='ocrx_word' id='word_1_85' title='bbox 439 1677 565 1732; x_wconf 87' lang='lat' dir='ltr'><strong>Persium</strong></span> <span class='ocrx_word' id='word_1_86' title='bbox 568 1719 1102 1735; x_wconf 86' lang='lat'><strong>................</strong></span> <span class='ocrx_word' id='word_1_87' title='bbox 1173 1678 1224 1731; x_wconf 85' lang='grc'><strong>141</strong></span> 
     </span>
     <span class='ocr_line' id='line_1_17' title="bbox 296 1766 1108 1839; baseline 0.001 -18"><span class='ocrx_word' id='word_1_88' title='bbox 296 1767 323 1835; x_wconf 80' lang='grc' dir='ltr'><strong>ο)</strong></span> <span class='ocrx_word' id='word_1_89' title='bbox 341 1766 494 1822; x_wconf 87' lang='lat' dir='ltr'><strong>Nominum</strong></span> <span class='ocrx_word' id='word_1_90' title='bbox 518 1767 688 1823; x_wconf 76' lang='lat' dir='ltr'><strong>Graecorum</strong></span> <span class='ocrx_word' id='word_1_91' title='bbox 711 1786 836 1824; x_wconf 88' lang='lat' dir='ltr'><strong>summae</strong></span> <span class='ocrx_word' id='word_1_92' title='bbox 860 1768 936 1839; x_wconf 91' lang='lat' dir='ltr'><strong>apud</strong></span> <span class='ocrx_word' id='word_1_93' title='bbox 959 1767 1108 1823; x_wconf 87' lang='lat' dir='ltr'><strong>Horatium</strong></span> 
     </span>
     <span class='ocr_line' id='line_1_18' title="bbox 342 1856 1107 1927; baseline 0.001 -17"><span class='ocrx_word' id='word_1_94' title='bbox 342 1857 373 1910; x_wconf 94' lang='lat' dir='ltr'><strong>in</strong></span> <span class='ocrx_word' id='word_1_95' title='bbox 395 1856 499 1912; x_wconf 86' lang='lat' dir='ltr'><strong>saturis</strong></span> <span class='ocrx_word' id='word_1_96' title='bbox 522 1860 552 1912; x_wconf 90' lang='lat' dir='ltr'><strong>et</strong></span> <span class='ocrx_word' id='word_1_97' title='bbox 570 1857 707 1927; x_wconf 87' lang='lat' dir='ltr'><strong>epistulis,</strong></span> <span class='ocrx_word' id='word_1_98' title='bbox 731 1858 866 1924; x_wconf 88' lang='lat' dir='ltr'><strong>Persium,</strong></span> <span class='ocrx_word' id='word_1_99' title='bbox 891 1858 1052 1913; x_wconf 89' lang='lat' dir='ltr'><strong>Iuvenalem</strong></span> <span class='ocrx_word' id='word_1_100' title='bbox 1071 1857 1107 1912; x_wconf 91' lang='lat' dir='ltr'><strong>ad</strong></span> 
     </span>
     <span class='ocr_line' id='line_1_19' title="bbox 342 1947 1107 2018; baseline 0 -18"><span class='ocrx_word' id='word_1_101' title='bbox 342 1949 474 2002; x_wconf 83' lang='lat' dir='ltr'><strong>centenos</strong></span> <span class='ocrx_word' id='word_1_102' title='bbox 492 1964 590 2002; x_wconf 83' lang='lat' dir='ltr'><strong>versus</strong></span> <span class='ocrx_word' id='word_1_103' title='bbox 608 1947 723 2012; x_wconf 88' lang='lat' dir='ltr'><strong>relatae,</strong></span> <span class='ocrx_word' id='word_1_104' title='bbox 748 1951 780 2002; x_wconf 91' lang='lat' dir='ltr'><strong>ut</strong></span> <span class='ocrx_word' id='word_1_105' title='bbox 799 1950 944 2018; x_wconf 86' lang='lat' dir='ltr'><strong>appareat,</strong></span> <span class='ocrx_word' id='word_1_106' title='bbox 969 1949 1107 2016; x_wconf 87' lang='lat' dir='ltr'><strong>quantum</strong></span> 
     </span>
     <span class='ocr_line' id='line_1_20' title="bbox 341 2035 1223 2106; baseline -0.002 -16"><span class='ocrx_word' id='word_1_107' title='bbox 341 2036 481 2106; x_wconf 90' lang='lat' dir='ltr'><strong>hipoetae</strong></span> <span class='ocrx_word' id='word_1_108' title='bbox 491 2055 591 2092; x_wconf 82' lang='lat' dir='ltr'><strong>vocum</strong></span> <span class='ocrx_word' id='word_1_109' title='bbox 601 2035 772 2092; x_wconf 83' lang='lat' dir='ltr'><strong>Graecarum</strong></span> <span class='ocrx_word' id='word_1_110' title='bbox 781 2055 833 2091; x_wconf 92' lang='lat' dir='ltr'><strong>usu</strong></span> <span class='ocrx_word' id='word_1_111' title='bbox 842 2036 917 2092; x_wconf 88' lang='lat' dir='ltr'><strong>inter</strong></span> <span class='ocrx_word' id='word_1_112' title='bbox 927 2054 956 2091; x_wconf 90' lang='lat' dir='ltr'><strong>se</strong></span> <span class='ocrx_word' id='word_1_113' title='bbox 966 2036 1106 2092; x_wconf 83' lang='lat' dir='ltr'><strong>differant.</strong></span> <span class='ocrx_word' id='word_1_114' title='bbox 1173 2035 1223 2089; x_wconf 83' lang='lat'><strong>141</strong></span> 
     </span>
    </p>
   </div>
   <div class='ocr_carea' id='block_1_7' title="bbox 253 2142 1107 2391">
    <p class='ocr_par' dir='ltr' id='par_1_7' title="bbox 253 2142 1107 2391">
     <span class='ocr_line' id='line_1_21' title="bbox 253 2142 1107 2215; baseline 0 -18"><span class='ocrx_word' id='word_1_115' title='bbox 253 2143 278 2197; x_wconf 87' lang='lat'><strong>3.</strong></span> <span class='ocrx_word' id='word_1_116' title='bbox 298 2142 375 2208; x_wconf 86' lang='lat' dir='ltr'><strong>Quae</strong></span> <span class='ocrx_word' id='word_1_117' title='bbox 402 2144 580 2200; x_wconf 86' lang='lat' dir='ltr'><strong>intercedant</strong></span> <span class='ocrx_word' id='word_1_118' title='bbox 602 2144 719 2200; x_wconf 87' lang='lat' dir='ltr'><strong>Horatio</strong></span> <span class='ocrx_word' id='word_1_119' title='bbox 747 2148 776 2200; x_wconf 86' lang='lat' dir='ltr'><strong>et</strong></span> <span class='ocrx_word' id='word_1_120' title='bbox 802 2144 897 2200; x_wconf 92' lang='lat' dir='ltr'><strong>Persio</strong></span> <span class='ocrx_word' id='word_1_121' title='bbox 925 2144 1016 2215; x_wconf 87' lang='lat' dir='ltr'><strong>poetis</strong></span> <span class='ocrx_word' id='word_1_122' title='bbox 1044 2162 1107 2199; x_wconf 87' lang='lat' dir='ltr'><strong>cum</strong></span> 
     </span>
     <span class='ocr_line' id='line_1_22' title="bbox 300 2233 1106 2298; baseline 0 -11"><span class='ocrx_word' id='word_1_123' title='bbox 300 2234 433 2289; x_wconf 83' lang='lat' dir='ltr'><strong>Iuvenale</strong></span> <span class='ocrx_word' id='word_1_124' title='bbox 447 2234 477 2288; x_wconf 90' lang='lat' dir='ltr'><strong>in</strong></span> <span class='ocrx_word' id='word_1_125' title='bbox 489 2234 634 2289; x_wconf 89' lang='lat' dir='ltr'><strong>nominum</strong></span> <span class='ocrx_word' id='word_1_126' title='bbox 649 2233 818 2290; x_wconf 81' lang='lat' dir='ltr'><strong>Graecorum</strong></span> <span class='ocrx_word' id='word_1_127' title='bbox 833 2253 885 2289; x_wconf 90' lang='lat' dir='ltr'><strong>usu</strong></span> <span class='ocrx_word' id='word_1_128' title='bbox 899 2234 1106 2298; x_wconf 90' lang='lat' dir='ltr'><strong>similitudines,</strong></span> 
     </span>
     <span class='ocr_line' id='line_1_23' title="bbox 298 2322 1104 2391; baseline 0 -13"><span class='ocrx_word' id='word_1_129' title='bbox 298 2341 371 2391; x_wconf 89' lang='lat' dir='ltr'><strong>quae</strong></span> <span class='ocrx_word' id='word_1_130' title='bbox 394 2322 646 2388; x_wconf 85' lang='lat' dir='ltr'><strong>dissimilitudines,</strong></span> <span class='ocrx_word' id='word_1_131' title='bbox 674 2324 797 2379; x_wconf 90' lang='lat' dir='ltr'><strong>numeris</strong></span> <span class='ocrx_word' id='word_1_132' title='bbox 824 2327 853 2378; x_wconf 86' lang='lat' dir='ltr'><strong>et</strong></span> <span class='ocrx_word' id='word_1_133' title='bbox 878 2324 1035 2380; x_wconf 86' lang='lat' dir='ltr'><strong>rationibus</strong></span> <span class='ocrx_word' id='word_1_134' title='bbox 1059 2324 1104 2378; x_wconf 88' lang='lat' dir='ltr'><strong>de·</strong></span> 
     </span>
    </p>
   </div>
   <div class='ocr_carea' id='block_1_8' title="bbox 298 2413 1226 2469">
    <p class='ocr_par' dir='ltr' id='par_1_8' title="bbox 298 2413 1226 2469">
     <span class='ocr_line' id='line_1_24' title="bbox 298 2413 1226 2469; baseline 0 -2"><span class='ocrx_word' id='word_1_135' title='bbox 298 2413 422 2468; x_wconf 86' lang='lat' dir='ltr'><strong>elaratur</strong></span> <span class='ocrx_word' id='word_1_136' title='bbox 424 2453 1101 2469; x_wconf 89' lang='grc'><strong>....................</strong></span> <span class='ocrx_word' id='word_1_137' title='bbox 1172 2413 1226 2467; x_wconf 76' lang='lat'><strong>142</strong></span> 
     </span>
    </p>
   </div>
   <div class='ocr_carea' id='block_1_9' title="bbox 147 2518 1266 2680">
    <p class='ocr_par' dir='ltr' id='par_1_9' title="bbox 147 2518 1266 2680">
     <span class='ocr_line' id='line_1_25' title="bbox 147 2518 1107 2590; baseline 0.002 -16"><span class='ocrx_word' id='word_1_138' title='bbox 147 2518 175 2575; x_wconf 81' lang='lat' dir='ltr'><strong>O.</strong></span> <span class='ocrx_word' id='word_1_139' title='bbox 200 2519 268 2575; x_wconf 91' lang='lat' dir='ltr'><strong>Pars</strong></span> <span class='ocrx_word' id='word_1_140' title='bbox 287 2520 386 2576; x_wconf 86' lang='lat' dir='ltr'><strong>tertia:</strong></span> <span class='ocrx_word' id='word_1_141' title='bbox 410 2522 681 2577; x_wconf 84' lang='lat' dir='ltr'><strong>Terminationum</strong></span> <span class='ocrx_word' id='word_1_142' title='bbox 700 2524 889 2577; x_wconf 84' lang='lat' dir='ltr'><strong>Graecarum</strong></span> <span class='ocrx_word' id='word_1_143' title='bbox 909 2523 991 2590; x_wconf 84' lang='lat' dir='ltr'><strong>apud</strong></span> <span class='ocrx_word' id='word_1_144' title='bbox 1009 2523 1107 2576; x_wconf 86' lang='lat' dir='ltr'><strong>Hora·</strong></span> 
     </span>
     <span class='ocr_line' id='line_1_26' title="bbox 201 2609 1266 2680; baseline -0.002 -16"><span class='ocrx_word' id='word_1_145' title='bbox 201 2612 279 2664; x_wconf 86' lang='lat' dir='ltr'><strong>tium</strong></span> <span class='ocrx_word' id='word_1_146' title='bbox 297 2612 409 2664; x_wconf 88' lang='lat' dir='ltr'><strong>insat.</strong></span> <span class='ocrx_word' id='word_1_147' title='bbox 430 2615 463 2665; x_wconf 87' lang='lat' dir='ltr'><strong>et</strong></span> <span class='ocrx_word' id='word_1_148' title='bbox 482 2613 585 2679; x_wconf 77' lang='lat' dir='ltr'><strong>epist,</strong></span> <span class='ocrx_word' id='word_1_149' title='bbox 610 2612 764 2673; x_wconf 87' lang='lat' dir='ltr'><strong>Persium,</strong></span> <span class='ocrx_word' id='word_1_150' title='bbox 787 2612 896 2666; x_wconf 83' lang='lat' dir='ltr'><strong>Iuven.</strong></span> <span class='ocrx_word' id='word_1_151' title='bbox 917 2615 1106 2680; x_wconf 84' lang='lat' dir='ltr'><strong>conspectus</strong></span> <span class='ocrx_word' id='word_1_152' title='bbox 1126 2609 1266 2664; x_wconf 79' lang='lat'>143-152</span> 
     </span>
    </p>
   </div>
   <div class='ocr_carea' id='block_1_10' title="bbox 208 2714 1267 3054">
    <p class='ocr_par' dir='ltr' id='par_1_10' title="bbox 208 2714 1267 3054">
     <span class='ocr_line' id='line_1_27' title="bbox 208 2714 1106 2773; baseline 0.004 -5"><span class='ocrx_word' id='word_1_153' title='bbox 208 2717 228 2769; x_wconf 93' lang='lat' dir='ltr'><strong>I.</strong></span> <span class='ocrx_word' id='word_1_154' title='bbox 247 2715 392 2771; x_wconf 90' lang='lat' dir='ltr'><strong>Nomina</strong></span> <span class='ocrx_word' id='word_1_155' title='bbox 416 2714 546 2771; x_wconf 79' lang='lat' dir='ltr'><strong>Graeca</strong></span> <span class='ocrx_word' id='word_1_156' title='bbox 564 2716 871 2772; x_wconf 85' lang='lat' dir='ltr'><strong>terminationibus</strong></span> <span class='ocrx_word' id='word_1_157' title='bbox 892 2718 1032 2773; x_wconf 82' lang='lat' dir='ltr'><strong>Graecis</strong></span> <span class='ocrx_word' id='word_1_158' title='bbox 1056 2718 1106 2772; x_wconf 90' lang='lat' dir='ltr'><strong>in-</strong></span> 
     </span>
     <span class='ocr_line' id='line_1_28' title="bbox 252 2807 396 2860; baseline 0 -1"><span class='ocrx_word' id='word_1_159' title='bbox 252 2807 396 2860; x_wconf 63' lang='lat' dir='ltr'><strong>structa,</strong></span> 
     </span>
     <span class='ocr_line' id='line_1_29' title="bbox 253 2893 1267 2964; baseline 0.001 -15"><span class='ocrx_word' id='word_1_160' title='bbox 253 2895 280 2960; x_wconf 88' lang='lat' dir='ltr'><strong>a)</strong></span> <span class='ocrx_word' id='word_1_161' title='bbox 303 2893 426 2949; x_wconf 89' lang='lat' dir='ltr'><strong>Nomina</strong></span> <span class='ocrx_word' id='word_1_162' title='bbox 445 2894 620 2964; x_wconf 83' lang='lat' dir='ltr'><strong>appellativa</strong></span> <span class='ocrx_word' id='word_1_163' title='bbox 639 2894 746 2951; x_wconf 80' lang='lat' dir='ltr'><strong>Graeca</strong></span> <span class='ocrx_word' id='word_1_164' title='bbox 774 2937 1100 2954; x_wconf 90' lang='grc'><strong>..........</strong></span> <span class='ocrx_word' id='word_1_165' title='bbox 1126 2895 1267 2952; x_wconf 80' lang='grc'>143-144</span> 
     </span>
     <span class='ocr_line' id='line_1_30' title="bbox 252 2982 1266 3054; baseline 0.003 -17"><span class='ocrx_word' id='word_1_166' title='bbox 252 2982 281 3050; x_wconf 88' lang='lat' dir='ltr'><strong>b)</strong></span> <span class='ocrx_word' id='word_1_167' title='bbox 305 2983 432 3038; x_wconf 86' lang='lat' dir='ltr'><strong>Nomina</strong></span> <span class='ocrx_word' id='word_1_168' title='bbox 445 2983 561 3054; x_wconf 90' lang='lat' dir='ltr'><strong>propria</strong></span> <span class='ocrx_word' id='word_1_169' title='bbox 581 2983 707 3041; x_wconf 79' lang='lat' dir='ltr'><strong>Graeca.</strong></span> <span class='ocrx_word' id='word_1_170' title='bbox 726 3037 728 3040; x_wconf 9' lang='grc' dir='ltr'><em>Α</em></span> <span class='ocrx_word' id='word_1_171' title='bbox 736 3025 1100 3043; x_wconf 87' lang='grc'><strong>...........</strong></span> <span class='ocrx_word' id='word_1_172' title='bbox 1125 2985 1266 3040; x_wconf 79' lang='lat'>144—148</span> 
     </span>
    </p>
   </div>
   <div class='ocr_carea' id='block_1_11' title="bbox 199 3089 1266 3518">
    <p class='ocr_par' dir='ltr' id='par_1_11' title="bbox 199 3089 1266 3518">
     <span class='ocr_line' id='line_1_31' title="bbox 199 3089 1105 3148; baseline 0.007 -6"><span class='ocrx_word' id='word_1_173' title='bbox 199 3090 234 3144; x_wconf 89' lang='grc' dir='ltr'><strong>Π.</strong></span> <span class='ocrx_word' id='word_1_174' title='bbox 253 3089 549 3145; x_wconf 83' lang='lat' dir='ltr'><strong>Terminationum</strong></span> <span class='ocrx_word' id='word_1_175' title='bbox 560 3089 767 3147; x_wconf 81' lang='lat' dir='ltr'><strong>Graecarum</strong></span> <span class='ocrx_word' id='word_1_176' title='bbox 781 3093 912 3148; x_wconf 90' lang='lat' dir='ltr'><strong>numeri</strong></span> <span class='ocrx_word' id='word_1_177' title='bbox 926 3096 960 3148; x_wconf 89' lang='lat' dir='ltr'><strong>et</strong></span> <span class='ocrx_word' id='word_1_178' title='bbox 974 3094 1015 3148; x_wconf 87' lang='lat' dir='ltr'><strong>ad</strong></span> <span class='ocrx_word' id='word_1_179' title='bbox 1030 3110 1105 3148; x_wconf 87' lang='lat' dir='ltr'><strong>een-</strong></span> 
     </span>
     <span class='ocr_line' id='line_1_32' title="bbox 253 3178 1106 3238; baseline 0.006 -6"><span class='ocrx_word' id='word_1_180' title='bbox 253 3181 351 3235; x_wconf 88' lang='lat' dir='ltr'><strong>tenos</strong></span> <span class='ocrx_word' id='word_1_181' title='bbox 373 3197 494 3236; x_wconf 83' lang='lat' dir='ltr'><strong>versus</strong></span> <span class='ocrx_word' id='word_1_182' title='bbox 516 3178 557 3235; x_wconf 72' lang='lat' dir='ltr'><strong>&#39;et</strong></span> <span class='ocrx_word' id='word_1_183' title='bbox 580 3181 620 3235; x_wconf 86' lang='lat' dir='ltr'><strong>ad</strong></span> <span class='ocrx_word' id='word_1_184' title='bbox 645 3184 792 3237; x_wconf 80' lang='lat' dir='ltr'><strong>centena</strong></span> <span class='ocrx_word' id='word_1_185' title='bbox 815 3182 951 3238; x_wconf 84' lang='lat' dir='ltr'><strong>nomina</strong></span> <span class='ocrx_word' id='word_1_186' title='bbox 976 3182 1106 3238; x_wconf 82' lang='lat' dir='ltr'><strong>Graeca</strong></span> 
     </span>
     <span class='ocr_line' id='line_1_33' title="bbox 251 3268 1266 3330; baseline 0.003 -8"><span class='ocrx_word' id='word_1_187' title='bbox 251 3268 356 3323; x_wconf 90' lang='lat' dir='ltr'><strong>relati</strong></span> <span class='ocrx_word' id='word_1_188' title='bbox 380 3309 814 3327; x_wconf 87' lang='grc'><strong><em>.............</em></strong></span> <span class='ocrx_word' id='word_1_189' title='bbox 828 3275 830 3278; x_wconf 78' lang='grc'><strong>’</strong></span> <span class='ocrx_word' id='word_1_190' title='bbox 842 3311 1099 3330; x_wconf 89' lang='grc'><strong>........</strong></span> <span class='ocrx_word' id='word_1_191' title='bbox 1124 3270 1266 3326; x_wconf 75' lang='lat'>149-150</span> 
     </span>
     <span class='ocr_line' id='line_1_34' title="bbox 253 3356 1222 3431; baseline 0.003 -19"><span class='ocrx_word' id='word_1_192' title='bbox 253 3356 282 3425; x_wconf 87' lang='lat' dir='ltr'><strong>a)</strong></span> <span class='ocrx_word' id='word_1_193' title='bbox 306 3357 390 3427; x_wconf 86' lang='lat' dir='ltr'><strong>Apud</strong></span> <span class='ocrx_word' id='word_1_194' title='bbox 408 3358 558 3413; x_wconf 89' lang='lat' dir='ltr'><strong>Horatium</strong></span> <span class='ocrx_word' id='word_1_195' title='bbox 576 3359 606 3412; x_wconf 92' lang='lat' dir='ltr'><strong>in</strong></span> <span class='ocrx_word' id='word_1_196' title='bbox 625 3359 730 3414; x_wconf 85' lang='lat' dir='ltr'><strong>saturis</strong></span> <span class='ocrx_word' id='word_1_197' title='bbox 749 3363 778 3415; x_wconf 90' lang='lat' dir='ltr'><strong>et</strong></span> <span class='ocrx_word' id='word_1_198' title='bbox 797 3360 926 3431; x_wconf 87' lang='lat' dir='ltr'><strong>epistulis</strong></span> <span class='ocrx_word' id='word_1_199' title='bbox 948 3401 1099 3417; x_wconf 90' lang='grc'><strong>.....</strong></span> <span class='ocrx_word' id='word_1_200' title='bbox 1170 3360 1222 3415; x_wconf 81' lang='grc'><strong>149</strong></span> 
     </span>
     <span class='ocr_line' id='line_1_35' title="bbox 252 3445 1223 3518; baseline 0.005 -18"><span class='ocrx_word' id='word_1_201' title='bbox 252 3445 281 3513; x_wconf 83' lang='grc'><strong>1))</strong></span> <span class='ocrx_word' id='word_1_202' title='bbox 305 3446 380 3516; x_wconf 89' lang='lat' dir='ltr'><strong>apud</strong></span> <span class='ocrx_word' id='word_1_203' title='bbox 399 3446 533 3512; x_wconf 89' lang='lat' dir='ltr'><strong>Persium,</strong></span> <span class='ocrx_word' id='word_1_204' title='bbox 554 3447 579 3515; x_wconf 90' lang='lat' dir='ltr'><strong>o)</strong></span> <span class='ocrx_word' id='word_1_205' title='bbox 600 3448 676 3518; x_wconf 89' lang='lat' dir='ltr'><strong>apud</strong></span> <span class='ocrx_word' id='word_1_206' title='bbox 693 3449 857 3504; x_wconf 90' lang='lat' dir='ltr'><strong>Iuvenalem</strong></span> <span class='ocrx_word' id='word_1_207' title='bbox 878 3490 1099 3509; x_wconf 87' lang='grc'><strong>.......</strong></span> <span class='ocrx_word' id='word_1_208' title='bbox 1169 3450 1223 3505; x_wconf 85' lang='grc'><strong>150</strong></span> 
     </span>
    </p>
   </div>
   <div class='ocr_carea' id='block_1_12' title="bbox 185 3552 1266 4063">
    <p class='ocr_par' dir='ltr' id='par_1_12' title="bbox 185 3552 1266 4063">
     <span class='ocr_line' id='line_1_36' title="bbox 185 3552 1104 3628; baseline 0.008 -23"><span class='ocrx_word' id='word_1_209' title='bbox 185 3552 233 3607; x_wconf 89' lang='lat' dir='ltr'><strong>llI.</strong></span> <span class='ocrx_word' id='word_1_210' title='bbox 252 3552 443 3608; x_wconf 85' lang='lat' dir='ltr'><strong>Earundem</strong></span> <span class='ocrx_word' id='word_1_211' title='bbox 457 3572 536 3609; x_wconf 88' lang='lat' dir='ltr'><strong>usus</strong></span> <span class='ocrx_word' id='word_1_212' title='bbox 552 3556 641 3625; x_wconf 87' lang='lat' dir='ltr'><strong>apud</strong></span> <span class='ocrx_word' id='word_1_213' title='bbox 656 3558 715 3612; x_wconf 90' lang='lat' dir='ltr'><strong>hos</strong></span> <span class='ocrx_word' id='word_1_214' title='bbox 730 3560 800 3612; x_wconf 90' lang='lat' dir='ltr'><strong>tres</strong></span> <span class='ocrx_word' id='word_1_215' title='bbox 817 3561 939 3628; x_wconf 91' lang='lat' dir='ltr'><strong>poetas</strong></span> <span class='ocrx_word' id='word_1_216' title='bbox 954 3558 1104 3614; x_wconf 88' lang='lat' dir='ltr'><strong>numeris</strong></span> 
     </span>
     <span class='ocr_line' id='line_1_37' title="bbox 252 3641 1266 3704; baseline 0.01 -10"><span class='ocrx_word' id='word_1_217' title='bbox 252 3641 456 3698; x_wconf 85' lang='lat' dir='ltr'><strong>illustratur</strong></span> <span class='ocrx_word' id='word_1_218' title='bbox 488 3684 1099 3704; x_wconf 84' lang='grc'><strong>..................</strong></span> <span class='ocrx_word' id='word_1_219' title='bbox 1123 3648 1266 3703; x_wconf 79' lang='lat'>151-152</span> 
     </span>
     <span class='ocr_line' id='line_1_38' title="bbox 252 3731 1104 3802; baseline 0.007 -16"><span class='ocrx_word' id='word_1_220' title='bbox 252 3731 280 3799; x_wconf 84' lang='lat' dir='ltr'><strong>a)</strong></span> <span class='ocrx_word' id='word_1_221' title='bbox 304 3732 379 3802; x_wconf 88' lang='lat' dir='ltr'><strong>apud</strong></span> <span class='ocrx_word' id='word_1_222' title='bbox 408 3731 569 3788; x_wconf 81' lang='lat' dir='ltr'><strong>Iuvenalem</strong></span> <span class='ocrx_word' id='word_1_223' title='bbox 598 3733 683 3802; x_wconf 87' lang='lat' dir='ltr'><strong>(inter</strong></span> <span class='ocrx_word' id='word_1_224' title='bbox 715 3753 745 3791; x_wconf 93' lang='lat' dir='ltr'><strong>se</strong></span> <span class='ocrx_word' id='word_1_225' title='bbox 776 3735 911 3791; x_wconf 87' lang='lat' dir='ltr'><strong>differunt</strong></span> <span class='ocrx_word' id='word_1_226' title='bbox 942 3737 1043 3792; x_wconf 89' lang='lat' dir='ltr'><strong>I—Vll</strong></span> <span class='ocrx_word' id='word_1_227' title='bbox 1076 3741 1104 3794; x_wconf 91' lang='lat' dir='ltr'><strong>et</strong></span> 
     </span>
     <span class='ocr_line' id='line_1_39' title="bbox 305 3819 1219 3889; baseline 0.009 -15"><span class='ocrx_word' id='word_1_228' title='bbox 305 3819 484 3889; x_wconf 86' lang='lat' dir='ltr'>VIII—XVI)</span> <span class='ocrx_word' id='word_1_229' title='bbox 491 3863 1098 3888; x_wconf 88' lang='grc'><strong>..................</strong></span> <span class='ocrx_word' id='word_1_230' title='bbox 1168 3828 1219 3884; x_wconf 83' lang='grc'><strong>151</strong></span> 
     </span>
     <span class='ocr_line' id='line_1_40' title="bbox 251 3908 1102 3984; baseline 0.009 -21"><span class='ocrx_word' id='word_1_231' title='bbox 251 3908 280 3976; x_wconf 85' lang='grc'><strong>1))</strong></span> <span class='ocrx_word' id='word_1_232' title='bbox 304 3910 380 3978; x_wconf 91' lang='lat' dir='ltr'><strong>apud</strong></span> <span class='ocrx_word' id='word_1_233' title='bbox 402 3911 552 3966; x_wconf 86' lang='lat' dir='ltr'><strong>Horatium</strong></span> <span class='ocrx_word' id='word_1_234' title='bbox 575 3912 604 3966; x_wconf 90' lang='lat' dir='ltr'><strong>in</strong></span> <span class='ocrx_word' id='word_1_235' title='bbox 629 3913 732 3967; x_wconf 87' lang='lat' dir='ltr'><strong>saturis</strong></span> <span class='ocrx_word' id='word_1_236' title='bbox 752 3916 780 3968; x_wconf 90' lang='lat' dir='ltr'><strong>et</strong></span> <span class='ocrx_word' id='word_1_237' title='bbox 798 3913 939 3984; x_wconf 87' lang='lat' dir='ltr'><strong>epistulis,</strong></span> <span class='ocrx_word' id='word_1_238' title='bbox 968 3915 1102 3984; x_wconf 90' lang='lat' dir='ltr'><strong>Persium,</strong></span> 
     </span>
     <span class='ocr_line' id='line_1_41' title="bbox 304 3998 1229 4063; baseline 0.013 -13"><span class='ocrx_word' id='word_1_239' title='bbox 304 3998 467 4054; x_wconf 83' lang='lat' dir='ltr'><strong>Iuvenalem</strong></span> <span class='ocrx_word' id='word_1_240' title='bbox 485 4000 515 4055; x_wconf 91' lang='lat' dir='ltr'><strong>in</strong></span> <span class='ocrx_word' id='word_1_241' title='bbox 534 4002 637 4056; x_wconf 88' lang='lat' dir='ltr'><strong>saturis</strong></span> <span class='ocrx_word' id='word_1_242' title='bbox 657 4002 770 4056; x_wconf 51' lang='lat' dir='ltr'>Iu-XVI</span> <span class='ocrx_word' id='word_1_243' title='bbox 807 4045 1097 4063; x_wconf 86' lang='grc'><strong>.........</strong></span> <span class='ocrx_word' id='word_1_244' title='bbox 1168 4007 1229 4063; x_wconf 77' lang='grc'><strong>152.</strong></span> 
     </span>
    </p>
   </div>
   <div class='ocr_carea' id='block_1_13' title="bbox 569 4289 836 4298">
    <p class='ocr_par' dir='ltr' id='par_1_13' title="bbox 569 4289 836 4298">
     <span class='ocr_line' id='line_1_42' title="bbox 569 4289 836 4298; baseline 0.007 -2"><span class='ocrx_word' id='word_1_245' title='bbox 569 4289 836 4298; x_wconf 78' lang='grc'><strong>--.-...--...</strong></span> 
     </span>
    </p>
   </div>
   <div class='ocr_carea' id='block_1_14' title="bbox 0 0 1427 5002">
    <p class='ocr_par' dir='ltr' id='par_1_14' title="bbox 0 0 1427 5002">
     <span class='ocr_line' id='line_1_43' title="bbox 0 0 1427 5002; baseline 0 0"><span class='ocrx_word' id='word_1_246' title='bbox 0 0 1427 5002; x_wconf 95' lang='lat' dir='ltr'><strong> </strong></span> 
     </span>
    </p>
   </div>
  </div>
 </body>
</html>
