2828 5002
671 395 714 461 51

192 588 368 676 Apollin.
389 588 517 656 Sidon.
538 610 636 659 carm.
651 591 772 676 XXIII,
787 593 853 658 300
866 588 919 675 [ad
934 588 1140 656 Consentium
1153 587 1253 655 musi·

145 698 229 782 um]:
351 695 456 774 »Quid
481 696 588 763 dicam
611 697 835 777 citharistrias,
859 697 1039 778 choraulas,

347 805 472 886 Mimos,
496 805 796 882 schoenobatas,
820 805 1017 890 gelasianos,
1054 796 1057 803 ’

348 911 486 992 Cannas,
510 912 644 998 plectra,
670 912 767 999 iocos,
791 911 898 998 palen,
920 910 1087 979 rudentem
1133 954 1138 961 -

316 1008 320 1013 ’
348 1018 464 1085 (loram
486 1025 519 1085 te
542 1018 742 1105 trepidanter
765 1018 971 1105 explicaret«

199 1125 466 1193 Accedit-lusor.
477 1146 531 1212 ap.
542 1124 642 1192 Orell.
654 1128 742 1194 2592
752 1129 818 1212 (ap.
828 1126 955 1196 Gruter.
965 1127 1039 1211 332,
1050 1128 1068 1193 t
1081 1130 1114 1192 et
1124 1126 1252 1210 matt:

203 1235 263 1302 ἦ).
278 1233 321 1299 Μ.
342 1232 478 1300 Cassiae
495 1233 687 1319 peregrinae
706 1233 805 1319 integ.
821 1232 897 1300 fam.
917 1234 1075 1318 [integrae
1089 1230 1254 1317 familiael.

145 1339 206 1406 Vix.
239 1359 291 1407 an.
320 1326 389 1407 XX
410 1326 480 1407 'v‘lt
511 1339 558 1407 Fl.
591 1340 700 1408 Bisius
731 1342 890 1410 scenob.
929 1339 1020 1409 Sard.
1058 1339 1252 1425 [schoeno-

145 1446 261 1533 bates,
298 1447 423 1515 Sardus
456 1447 631 1534 explicavit
658 1446 822 1536 Scaliger]
857 1447 986 1533 coniugi
1017 1448 1055 1515 Β.
1078 1447 1121 1513 Μ.
1145 1447 1182 1513 Ρ.
1205 1445 1252 1516 t«

148 1555 401 1640 (bbrugkbaniae
423 1555 458 1621 in
481 1556 658 1634 Transilv.)

201 1663 350 1729 Forsitan
387 1662 548 1749 quispiam
587 1663 720 1732 miretur
760 1662 952 1730 vocabulum
994 1661 1253 1741 funambulus,

149 1787 199 1852 quo
228 1770 294 1837 iam
326 1770 536 1838 Terentius
568 1772 685 1857 Hecyr.
711 1770 798 1856 prol.
825 1773 856 1852 1,
880 1774 916 1859 43
940 1773 971 1851 2,
996 1772 1039 1839 26
1056 1789 1145 1837 ‘usus
1175 1775 1255 1854 erat,

150 1883 303 1963 postquam
318 1877 518 1962 aliquamdiu
533 1879 567 1945 in
581 1878 743 1945 oblivione
755 1877 848 1963 quasi
862 1878 971 1963 iacuit,
986 1876 1254 1964 Porphyrione

151 1993 263 2053 auctore
286 1986 321 2052 in
344 1985 460 2054 litteris
483 1986 609 2053 Latinis
632 2007 696 2052 non
713 1987 803 2073 prius
821 1985 956 2072 reperiri
979 2006 1075 2070 quam
1100 1984 1254 2051 Horatii

152 2098 251 2160 aetate.
300 2092 400 2161 Cuius
427 2093 474 2159 rei
503 2113 604 2160 causa
631 2091 760 2160 videtur
782 2092 865 2160 haec
887 2092 998 2162 fuisse.
1044 2092 1254 2158 Terentius

155 2195 389 2286 inusurpandis
411 2200 546 2268 vocibus
571 2201 707 2268 Graecis
732 2200 947 2282 cautissimus,
973 2199 1255 2286 completumque

154 2308 307 2374 casulum
334 2307 495 2374 vocabula
523 2307 667 2393 Graeca,
701 2327 785 2393 quae
813 2306 928 2374 Latine
956 2304 1050 2374 reddi
1077 2326 1141 2372 non
1163 2311 1254 2392 pote·

155 2419 220 2495 rant,
242 2414 275 2480 in
299 2415 485 2482 comoedias
508 2414 681 2501 receperit,
713 2434 831 2481 novam
857 2433 971 2480 rocem
996 2412 1148 2480 Latinam
1171 2411 1254 2477 fun-

155 2521 310 2588 ambulus
343 2543 384 2589 ex
416 2522 563 2607 partibus
594 2520 697 2588 funis
731 2528 763 2588 et
794 2518 944 2587 ambulo
974 2519 1112 2587 formare
1142 2519 1255 2585 maluit

156 2641 232 2708 qoam
252 2628 446 2696 vocabulum
469 2629 630 2696 Graecum
653 2628 937 2697 schoenobates
961 2626 1080 2694 fabulis
1103 2627 1253 2695 inserere.

157 2727 284 2824 Sedpro
308 2736 367 2802 illa
389 2756 469 2804 voce
491 2757 578 2804 nova
605 2744 704 2822 atque
731 2735 864 2804 insolita
891 2734 1105 2822 perlongum
1127 2739 1254 2821 tempus

156 2843 362 2910 uocabulum
385 2844 571 2912 Graecum
596 2851 667 2912 erat
689 2864 866 2911 sermone
889 2841 1091 2911 cotidiano
1115 2842 1255 2909 tritum

157 2942 240 3018 Primo
264 2951 393 3018 demum
417 2972 447 3020 a.
472 2952 544 3019 Chr.
569 2973 600 3021 n.
625 2953 756 3019 saeculo
779 2951 964 3037 Messala,
989 2949 1177 3019 emendator
1198 2950 1255 3017 ille

157 3059 291 3126 sermonis
315 3059 442 3137 usitati,
476 3061 546 3127 eius
573 3060 645 3127 loco
673 3080 785 3126 vocem
812 3060 962 3126 Latinam
994 3057 1254 3144 funambulus,

158 3178 232 3242 quam
255 3188 296 3234 ex
320 3167 473 3233 Terentio
497 3175 698 3253 exaraverat,
727 3167 760 3231 in
784 3185 963 3234 sermonem
988 3163 1185 3231 cotidianum
1208 3165 1253 3230 in-

157 3263 252 3342 ducere
271 3273 404 3341 studuit.
443 3273 484 3338 Et
505 3273 566 3340 fuit
587 3273 767 3359 posteriore
790 3281 934 3358 tempore
957 3271 1149 3338 vocabulum
1172 3271 1254 3337 fun·
1358 3324 1360 3329 ,

157 3378 308 3448 tubulus
332 3400 394 3448 usu
415 3387 614 3466 perceptum,
638 3381 679 3446 cf.
704 3380 858 3450 Sueten.
883 3378 977 3446 Galb.
995 3382 1024 3464 6,
1043 3379 1086 3447 in.
1103 3378 1253 3445 Firmic.

156 3476 291 3557 latere.
316 3487 621 3574 mathes.VlIl,17,
644 3493 724 3554 extr.
749 3487 925 3556 Cassian.
950 3486 1020 3553 coll.
1039 3484 1156 3571 XXIII,
1171 3489 1203 3571 9,
1220 3489 1253 3554 1:

158 3589 458 3675 ›Schoenobatis,
483 3614 564 3679 quos
588 3594 704 3680 vulgo
728 3593 973 3661 funambulos
995 3596 1145 3659 vocant«

198 3699 337 3780 Quantis
375 3703 408 3768 in
447 3702 573 3769 deliciis
610 3702 730 3788 populo
767 3703 911 3768 Romano
950 3699 1254 3768 funambulorum

156 3811 221 3876 tttes
242 3811 308 3877 iam
331 3810 435 3876 altero
460 3829 490 3879 a.
516 3809 590 3877 Chr.
615 3831 646 3878 n.
669 3809 801 3876 saeculo
825 3808 958 3887 fuerint,
987 3808 1191 3892 cognoscitur
1214 3827 1255 3874 ex

156 3904 218 3984 Ter.
238 3918 259 3986 l
280 3918 303 3987 l.
318 3897 409 4004 'prob
432 3918 459 4003 I,
481 3919 518 4001 43
542 3917 572 3984 is
596 3917 680 3983 enim
703 3915 804 3982 tradit
826 3921 1026 4001 spectatores
1049 3935 1091 3981 ex
1113 3914 1252 4001 theatro,

156 4009 256 4108 i1¹·quo
283 4025 428 4110 Hecyra,
462 4025 531 4091 eius
558 4024 683 4109 fabula,
716 4023 869 4103 dabatur,
903 4043 940 4090 se
971 4022 1186 4110 proripuisse,
1219 4030 1255 4089 ut

156 4117 346 4199 funambuli
359 4130 699 4220 cuiusdamsartiticia
722 4130 969 4199 admirarentur.

205 4237 363 4307 luvenalis
390 4259 520 4306 vocem
547 4240 748 4320 Graecam,
783 4258 880 4324 quam
913 4258 958 4305 ex
990 4256 1165 4304 sermone
1193 4257 1254 4304 co·

156 4333 280 4415 tiliano
308 4346 429 4428 bausit,
462 4346 537 4414 huic
568 4345 676 4413 versui
705 4344 887 4425 admiscuit,
922 4343 1008 4429 quod
1040 4343 1255 4410 funambuli

157 4435 178 4504 b
195 4449 211 4517 l
231 4454 415 4522 Graeculi
439 4454 649 4540 intellegendi
671 4459 755 4524 sunt.

1059 4520 1092 4612 44
