2828 5002
788 367 790 371 ·
810 352 855 418 40

274 550 393 638 quippe
421 550 546 618 Graece
568 550 795 635 interpretatur
819 547 996 618 occidere«
1045 556 1212 615 comment.
1240 550 1273 615 in
1296 549 1377 617 Iesai.

273 661 330 736 ΙΙΙ,
347 663 374 737 l,
389 661 521 728 21-22
540 659 584 724 in.
604 659 671 739 (IV,
695 679 727 743 p.
744 660 807 726 115
832 679 941 744 supra.
956 658 1020 737 Vb:
1048 659 1225 744 »Princeps
1251 659 1376 740 militiae,

274 789 367 854 quem
391 766 481 832 LXX
505 767 768 855 ἀρχιμάγειρον
790 773 935 834 vocant«
966 805 1011 812 —
1038 767 1242 851 Augustin.
1266 772 1374 851 quaest.
1410 824 1411 828 ,

276 877 336 944 127
362 876 395 941 in
415 874 621 942 Pentateuch.
636 874 666 940 I:
695 873 906 959 »madianaei
921 881 1028 941 autem
1044 874 1260 941 vendiderunt
1273 873 1372 959 Ioseph
1408 897 1411 909 ·

273 984 306 1049 in
343 984 527 1070 Aegyptum
569 982 750 1069 Petephrae
793 981 931 1068 spadoni
973 982 1160 1069 praeposito
1198 979 1371 1066 coquorum!

273 1091 394 1160 Nolunt
434 1090 565 1174 quidam
605 1089 825 1175 praepositum
866 1110 1037 1175 coquorum
1079 1091 1299 1177 interpretari,
1331 1087 1369 1172 qui

274 1198 399 1266 Graece
437 1199 697 1286 ἀρχιμάγειρος
730 1197 855 1284 dicitur,
894 1197 953 1265 sed
985 1198 1207 1285 praepositum
1246 1197 1367 1270 militiae,

274 1307 324 1373 oui
349 1312 435 1373 esset
457 1313 604 1391 potestas
621 1304 800 1375 occidendi
831 1307 915 1374 Nam
939 1307 987 1373 sic
1009 1307 1193 1393 appellatus
1219 1318 1270 1372 est
1293 1305 1366 1370 ctian

273 1415 341 1499 ille,
374 1433 468 1497 quem
496 1412 793 1480 Nabuchodonosor
820 1413 920 1499 misit,
954 1434 1054 1500 penes
1083 1433 1178 1499 quem
1206 1415 1312 1500 potius
1336 1412 1366 1475 in·

274 1521 399 1588 venitur
420 1520 577 1609 primatus
601 1520 703 1587 fuisse
725 1520 905 1606 militiae.‹<]

341 1719 486 1785 Fortuito
501 1717 545 1797 fit,
562 1724 597 1784 ut
610 1718 802 1785 vocabulum
817 1717 1099 1803 archimagirus
1114 1717 1202 1805 apud
1218 1718 1376 1803 scriptores

273 1827 408 1894 Latinos
435 1846 509 1892 raro
537 1825 674 1909 legatur.
721 1825 903 1893 Putandum
931 1835 980 1893 est
1008 1827 1091 1892 enim
1120 1846 1191 1892 cum
1219 1845 1305 1892 more
1329 1820 1379 1888 ad·

274 1933 406 2001 hibendi
429 1935 462 1999 in
485 1933 618 2000 divitum
642 1933 798 2000 conviviis
822 1954 943 2018 coquos
958 1934 1102 2002 Graecos
1125 1953 1241 2000 nomen
1265 1944 1385 2018 qnoque

275 2062 315 2107 ex
339 2041 478 2107 Graecia
501 2042 635 2106 Romam
659 2040 823 2108 inductum
847 2061 929 2109 esse.

341 2149 447 2216 Primo
470 2148 542 2216 loco
561 2148 624 2216 huc
641 2147 811 2216 referenda
830 2156 881 2216 est
899 2149 1018 2218 Inscr.
1038 2149 1118 2216 Lat.
1142 2149 1176 2214 in
1196 2148 1232 2218 O.
1248 2150 1272 2216 Ι.
1287 2150 1320 2214 L.
1333 2139 1394 2214 vl,

276 2261 377 2326 7458:
413 2259 471 2327 2¹1¹.
500 2256 612 2323 Aelius
639 2260 722 2341 Aug.
749 2256 803 2324 lib.
832 2256 1016 2322 Primitivus
1045 2255 1327 2340 archimagirus
1354 2252 1398 2315 ei

274 2365 369 2433 Aelia
401 2366 481 2450 Aug.
513 2364 567 2432 lib.
596 2363 708 2450 Tyche
741 2362 908 2430 coniunx.‹
958 2363 1165 2451 Imperatoris
1198 2365 1297 2449 igitur
1326 2363 1399 2428 Ha·

275 2472 380 2540 driani
402 2479 511 2539 aetate
533 2493 649 2541 nomen
673 2472 733 2538 fuit
755 2473 820 2539 iam
842 2478 961 2538 notum.

342 2581 405 2647 Pro
428 2578 586 2647 vocabulo
610 2578 897 2663 archimagirus
925 2579 1098 2647 inlusor.
1123 2599 1175 2666 ap.
1199 2579 1285 2647 llaff.
1308 2578 1401 2646 Mus.

275 2689 392 2756 Veron.
408 2691 482 2773 319,
499 2693 519 2754 3
534 2687 693 2754 invenitur
712 2687 962 2772 praepositus
984 2707 1202 2771 coquorum3
1227 2688 1260 2753 in
1273 2687 1402 2752 Inscr·

276 2816 328 2880 ap.
354 2794 478 2862 Gruter.
498 2796 574 2878 580,
593 2797 648 2861 12:
673 2792 844 2859 vicarius
868 2814 984 2879 supra
1007 2814 1163 2878 coquos,
1187 2814 1271 2878 quae
1293 2793 1402 2861 verba

275 2904 307 2967 in
331 2902 456 2968 litteras
480 2901 615 2967 Latinas
638 2920 700 2966 non
724 2899 873 2967 videntur
896 2901 1015 2970 abisse.

644 3026 685 3092 ln
707 3025 854 3093 litteris
877 3026 1029 3092 Latinis

275 3154 355 3201 voce
379 3132 664 3217 archimagirus
688 3139 817 3199 utuntur

342 3241 365 3308 1.
389 3241 515 3309 Iuven.
544 3240 573 3309 h.
598 3240 635 3325 1.;
664 3261 767 3325 neque
796 3241 964 3324 quisquam
991 3247 1099 3326 potest
1123 3240 1285 3323 dubitare,
1314 3237 1390 3324 quin

275 3349 455 3435 princeps
493 3368 698 3432 coquorum
735 3349 778 3414 sit
811 3347 1058 3430 intellegendus.
1122 3348 1308 3414 Heinrich
1343 3335 1386 3410 ad

276 3458 306 3523 h.
329 3457 349 3521 l.
383 3455 518 3524 adnotat
540 3456 583 3534 ΙΙ,
610 3477 642 3542 p.
667 3458 730 3523 371
761 3455 953 3521 vocabulum
986 3477 1006 3521 a
1038 3457 1191 3522 Romanis
1225 3457 1381 3522 formatum

277 3584 365 3647 esse3
398 3562 432 3629 id
454 3563 509 3629 vix
533 3569 582 3630 est
610 3562 778 3641 credibile,
808 3583 878 3628 cum
907 3566 940 3628 in
968 3563 1082 3630 litteris
1113 3563 1250 3631 Graecis
1279 3564 1378 3647 (Sept,

276 3670 358 3736 Phil.
383 3670 460 3756 lud,
483 3671 581 3754 Plut.)
604 3671 740 3754 legatur,
765 3670 805 3736 of.
831 3671 927 3736 etiam
953 3671 1031 3756 Cap.
1055 3669 1147 3752 11,c.

342 3780 383 3843 ΙΙ.
409 3778 573 3864 Apollin.
597 3776 726 3842 Sidon.
750 3778 842 3863 epist.
865 3777 906 3857 Il,
923 3781 953 3863 9,
968 3781 1003 3845 6:
1035 3777 1180 3844 »stuciis
1203 3777 1293 3845 hisce
1315 3775 1374 3840 dun

277 3893 418 3953 nostrum
443 3886 561 3969 singuli
585 3885 716 3969 quique,
741 3892 836 3971 prout
859 3886 1011 3965 libuerat,
1036 3887 1292 3971 occupabantur,
1315 3897 1373 3949 ecce

277 4002 308 4059 et
331 3994 373 4060 ah
397 3992 655 4076 archimagiro
679 3991 870 4072 adventans,
895 3993 949 4077 qui
973 4000 1098 4079 tempus
1122 3995 1244 4060 instare
1259 3984 1372 4060 curandi
1409 3998 1411 4005 '

277 4121 412 4188 corpora
435 4107 605 4165 moneret«

344 4209 404 4274 Hic
437 4207 573 4292 scriptor
599 4227 711 4274 vocem
739 4227 780 4274 ex
807 4207 960 4274 Iuvenale
988 4208 1115 4275 ridetur
1143 4206 1372 4294 deprompsisse·

344 4314 506 4381 Iuvenalis
546 4314 607 4382 hoc
642 4314 834 4381 vocabulum
872 4315 1030 4381 Graecum
1066 4322 1216 4401 usurpat,
1251 4324 1286 4382 ut
1318 4327 1373 4399 per

278 4422 416 4506 stringat
453 4421 629 4490 Graeculos
667 4421 793 4489 habiles
831 4441 871 4488 ac
909 4421 1069 4508 sollertes,
1106 4423 1160 4506 qui
1193 4421 1227 4489 in
1260 4420 1373 4489 divitum
