2828 5002
588 360 630 425 97

43 561 251 638 eventurum,
286 560 318 620 et
346 574 409 637 quo
437 554 574 638 quisque
602 555 667 620 fato
697 561 792 622 natus
821 561 940 621 esset«
986 555 1012 641 I,
1038 557 1088 640 19,
1111 557 1167 624 36:

47 661 331 730 ›Condemnemus
364 664 462 728 etiam
493 663 693 749 Babylonem
727 668 758 729 ot
791 682 857 748 eos,
890 663 945 746 qui
973 683 991 730 e
1022 661 1168 730 Caucaso

44 769 130 835 eseli
165 770 264 854 signa
296 779 463 837 servantes
491 771 632 836 numeris
660 776 693 836 et
720 771 825 836 modis
854 771 1022 837 stellarum
1055 790 1169 836 cursus

10 918 12 923 ,
44 885 317 965 persequuntur«
356 879 435 946 Tac.
454 877 528 943 hist.
546 879 570 961 I,
581 880 632 962 22,
652 876 751 945 med:
777 877 1041 962 ›>[hfathematici]
1066 897 1168 962 genus
1196 906 1199 911 ·

10 996 12 1001 ’
45 982 212 1049 hominum
245 985 429 1070 potentibus
460 983 609 1063 infidum,
643 984 848 1070 sperantibus
875 984 991 1071 fallax,
1024 984 1111 1069 quod
1135 985 1170 1049 in·

10 1122 12 1163 ;
47 1090 183 1157 civitate
202 1099 315 1157 nostra
336 1099 369 1158 et
386 1091 548 1158 vetabitur
567 1111 693 1176 semper
713 1092 975 1160 attenuabitur«
1005 1091 1054 1160 uf.
1071 1091 1170 1157 etiam

46 1197 178 1267 Patron.
207 1202 266 1283 393
301 1203 351 1282 76,
379 1207 459 1268 extr.
510 1199 633 1266 Eodem
665 1200 732 1266 fere
759 1199 856 1266 modo
884 1197 1092 1266 iudicandum
1120 1205 1170 1266 cst

10 1350 12 1355 ,
46 1303 89 1371 de
123 1304 248 1390 magis
280 1308 434 1392 (11177)
468 1307 657 1391 [magicus
688 1308 755 1392 (VI,
779 1311 845 1375 610
878 1315 910 1373 et
942 1308 1012 1392 XV,
1034 1308 1094 1391 b)]‚
1128 1306 1169 1372 de

46 1413 167 1497 quihus
200 1435 241 1482 cx
272 1414 369 1481 Italia
402 1415 603 1500 expellendis
636 1423 767 1483 senatus
800 1416 948 1484 consulta
979 1414 1068 1482 facta
1096 1434 1169 1482 esse

45 1521 128 1588 Tac.
151 1522 259 1587 annal.
282 1523 322 1607 Il,
347 1525 400 1608 32,
425 1529 505 1589 extr·
530 1522 674 1588 tradidit.

116 1627 280 1697 luvenalis
304 1629 501 1714 temporibus
524 1630 606 1695 hacc
626 1629 813 1714 superstitio
838 1629 898 1695 fuit
922 1627 1077 1714 imprimis
1100 1627 1168 1693 vul·

47 1733 140 1818 garis
167 1736 407 1821 communisque
439 1735 528 1822 apud
557 1736 702 1817 feminas,
738 1756 822 1821 quae
855 1757 896 1803 ex
925 1735 1087 1802 sideribus
1115 1736 1169 1801 ho·

47 1841 169 1907 minum
202 1851 321 1910 sortem
354 1845 479 1928 exquiri
510 1865 608 1930 posse
641 1845 802 1928 cognitum
840 1842 1169 1928 comprehensumque

48 1948 223 2016 habebant.
270 1951 405 2037 Propter
437 1951 520 2017 hanc
547 1972 614 2018 rem
647 1959 744 2038 pocta
776 1952 810 2017 in
843 1958 937 2017 sexta
964 1950 1167 2036 potissimum

50 2064 160 2123 satura
183 2059 333 2125 mulieres
357 2060 473 2126 acerbe
496 2059 674 2126 insectatur
698 2060 765 2143 (VI,
780 2060 862 2143 5743
887 2061 951 2126 579
967 2079 1053 2142 sqq.;
1078 2059 1167 2138 610).

117 2164 187 2230 Hac
220 2166 392 2232 occasione
424 2166 503 2233 data
535 2166 897 2233 medicamentorum
928 2185 1054 2250 qnoque
1081 2184 1167 2230 men·

54 2271 170 2339 donem
204 2272 376 2359 faciamus,
415 2295 498 2358 quae
532 2294 605 2340 esse
638 2273 786 2340 efficacia
823 2273 1089 2338 existimabantur
1125 2271 1168 2337 ad

56 2381 138 2445 mala
160 2380 337 2447 avertenda
361 2389 458 2465 atque
482 2379 624 2448 arcenda
648 2381 717 2447 sive
741 2380 784 2446 ad
808 2380 1006 2446 voluntatem
1030 2378 1167 2444 alicuius

59 2487 323 2554 reconciliandam
358 2495 391 2555 et
422 2489 563 2554 animum
594 2488 810 2554 irretiendum.
861 2485 984 2564 Quibus
1016 2484 1168 2551 remediis

61 2592 97 2657 ad
126 2615 251 2662 amores
283 2595 336 2662 vel
369 2596 552 2662 incitandos
583 2596 636 2661 vel
669 2595 841 2661 solvendos
877 2594 962 2660 datis
994 2613 1066 2658 cum
1104 2613 1168 2658 non

61 2717 124 2767 raro
145 2711 269 2769 mentes
294 2703 496 2769 turbarentur
520 2710 576 2769 aut
598 2703 666 2769 vita
690 2703 722 2767 in
747 2698 902 2769 sum‘mum
925 2700 1104 2787 periculum
1127 2719 1166 2764 ac

64 2804 221 2876 discrimen
245 2817 428 2895 vocaretur,
462 2818 579 2897 poetae
601 2811 721 2896 irrisio,
753 2811 811 2895 ira,
839 2808 1020 2892 indignatio
1050 2807 1167 2892 impro-

63 2911 157 2981 banda
180 2937 244 2983 non
268 2926 327 2986 est.
374 2917 445 2983 Huc
472 2917 662 2984 referendae
690 2924 764 2984 sunt
791 2936 889 2983 voces
913 2915 1167 3001 hippomanes

64 3019 117 3107 (Vl,
141 3023 217 3104 133)
251 3031 284 3089 et
314 3023 460 3110 philtra
494 3026 560 3110 (Vl,
584 3025 673 3103 611).
723 3024 821 3088 Plura
854 3023 895 3088 de
927 3023 989 3088 hac
1025 3042 1061 3087 re
1093 3022 1167 3105 lege

63 3129 135 3213 apud
149 3130 187 3200 0.
202 3131 441 3197 Hirschfeld:
463 3132 518 3197 De
532 3130 834 3196 incantamentis
853 3137 890 3196 et
909 3129 1167 3195 devinctioni-

62 3231 118 3303 bus
154 3239 356 3304 amatoriis
394 3239 495 3325 apud
533 3239 702 3304 Graecos
740 3239 1016 3320 Romanosque.
1073 3237 1166 3320 Regi·

10 3390 14 3403 .
62 3346 147 3411 monti
171 3350 267 3415 1863.

123 3525 152 3592 ΙΙ.
177 3527 300 3592 domina
324 3525 440 3593 Graeca
463 3542 516 3609 per
540 3526 651 3609 prande
675 3525 821 3607 quoddam
846 3523 963 3591 dicendi
987 3539 1090 3607 penus.

116 3668 183 3734 lam
207 3689 306 3754 supra
330 3669 549 3736 demonstravi
572 3675 703 3754 poetam
722 3666 881 3733 interdum
906 3667 939 3732 in
959 3666 1106 3733 doctrina
1130 3687 1166 3733 se

57 3772 179 3860 iactare,
195 3775 234 3842 cf.
244 3797 276 3861 p.
287 3780 339 3861 88,
352 3799 381 3861 c,
394 3783 472 3844 extr.
496 3777 565 3841 Hoc
579 3776 650 3841 loco
665 3775 876 3860 respiciamus
888 3774 1019 3839 nomina
1030 3774 1166 3858 Graeca,

56 3901 131 3964 quae
153 3883 317 3949 luvenalis
342 3884 461 3950 saturis
489 3882 662 3967 admiscet,
695 3891 731 3947 ut
758 3881 1019 3965 granditatem
1048 3901 1167 3965 quau·

54 3987 131 4055 dam
162 3991 363 4057 verborum
393 3990 455 4057 sihi
483 3990 634 4056 vindicet.
684 3989 824 4054 Maxime
857 3988 1001 4073 insignes
1031 3996 1105 4055 sunt
1131 3988 1165 4054 hi

51 4116 172 4165 versus:
195 4098 251 4177 IV,
275 4100 319 4164 34
338 4117 425 4182 sqq.3
449 4099 590 4164 37-46.
614 4097 684 4180 VH,
703 4097 827 4179 1-113
849 4098 998 4180 57—653
1023 4099 1164 4164 71-73.

49 4205 329 4288 villaro-230.
368 4203 429 4282 Qui
454 4205 513 4270 hos
537 4204 626 4270 locos
650 4202 836 4286 diligentius
860 4203 1044 4288 perlegerit,
1069 4203 1165 4269 facile

49 4311 201 4379 concedet
216 4312 411 4397 Iuvenalem,
428 4332 622 4396 quamquam
636 4310 828 4394 gravitatem
843 4310 1006 4394 quandam
1021 4309 1163 4389 affectat,

47 4429 154 4486 amen
178 4420 211 4484 in
234 4420 285 4486 his
308 4420 457 4486 versibus
480 4440 547 4486 rem
565 4419 598 4483 in
617 4417 785 4486 ridiculum
804 4423 938 4485 vertere.
975 4417 1044 4483 Hoc
1058 4419 1160 4503 primo

100 4523 199 4568 Thlel.
988 4525 1003 4579 ¹1
