2828 5002
799 354 842 420 96

262 552 328 610 tum
348 546 441 610 enixe
461 565 593 630 operam
614 546 753 632 dedisse,
774 554 809 613 ut
829 547 889 614 bos
904 549 1000 614 etlam
1016 547 1059 612 ad
1075 568 1153 615 suas
1168 548 1383 616 caerimonias

260 652 433 720 traherent.
479 653 643 720 Iuvenalis
666 673 742 719 vero
771 661 880 721 aetate
909 656 999 721 multi
1029 655 1167 721 Romani
1190 655 1382 722 ludaeorum

260 780 364 826 mores
401 759 612 844 institutaque
644 760 852 827 imitabantur
889 761 989 848 (XIV,
1018 766 1061 830 96
1094 762 1192 847 sqq.).
1254 763 1408 875 Minime,

259 867 358 951 igitur
390 867 518 952 mirum,
555 868 583 933 si
617 875 716 953 poeta
747 869 935 953 indignatur
966 890 1006 934 ac
1039 870 1197 954 queritur,
1230 871 1408 954 quoniam

259 975 348 1040 cives
385 974 500 1060 patriis
533 975 648 1040 ritibus
685 974 920 1059 sacrificiisque
957 975 1123 1062 despectis
1160 983 1193 1042 ct
1225 978 1382 1043 maiorum

258 1082 394 1166 legibus,
419 1101 502 1164 quae
526 1079 654 1147 fuerant
676 1102 734 1167 per
759 1082 888 1166 longum
913 1091 1040 1167 tempus
1059 1090 1229 1168 spectatae
1256 1091 1290 1148 ct
1311 1104 1381 1169 pro·

257 1189 369 1272 batac,
403 1188 503 1254 laesis
533 1196 698 1263 externam
727 1188 862 1256 odiosae
886 1189 1027 1254 nationis
1051 1189 1243 1274 religionem
1269 1209 1382 1276 capes·

259 1302 341 1363 sunt.
388 1296 457 1359 lam
490 1294 625 1360 Cicero
658 1315 716 1379 pro
750 1296 867 1362 Flacco
895 1297 1045 1381 XXVIII,
1073 1299 1116 1364 69
1145 1295 1305 1362 docuerat
1334 1298 1383 1363 Iu·

258 1401 410 1469 dacorum
439 1403 627 1484 religionem
656 1422 677 1467 a
705 1403 846 1469 muribus
879 1403 989 1489 populi
1019 1404 1156 1468 Romani
1185 1403 1383 1490 discrepare,

258 1529 329 1574 cum
363 1508 495 1576 diceret:
536 1508 724 1574 »Stantibus
757 1510 991 1606 Hierosolymis
1023 1511 1216 1596 pacatisque
1250 1510 1382 1576 Iudaeis

257 1623 364 1681 tamen
388 1617 520 1682 istorum
548 1615 662 1699 religio
692 1635 854 1682 sacrorum
883 1637 903 1681 a
927 1618 1099 1702 splendore
1122 1616 1217 1684 huius
1242 1617 1380 1703 imperii,

257 1724 418 1806 gravitate
446 1723 584 1787 nominIs
611 1724 727 1808 nostri,
755 1723 911 1789 maiorum
935 1724 1091 1790 institutis
1115 1722 1379 1801 abhorrebat.«1)

323 1830 436 1913 Neque
460 1830 564 1896 minus
588 1830 705 1895 acriter
723 1830 887 1896 Iuvenalis
906 1830 1041 1896 insultat
1063 1831 1096 1895 in
1115 1830 1262 1896 nefarias
1281 1851 1381 1917 popu·

255 1936 371 2001 larium

653 2043 675 2111 ε)
694 2044 975 2113 superstitiones.

322 2151 457 2216 Romani
473 2150 565 2234 enirn,
589 2157 625 2216 ut
644 2157 735 2216 erant
753 2160 869 2216 natura
889 2151 1019 2235 creduli,
1044 2150 1087 2216 ad
1103 2151 1379 2237 superstitionem,

257 2257 310 2322 »in
339 2277 403 2341 qua
431 2259 516 2323 inest
544 2257 637 2324 timor
666 2257 774 2323 inanis
807 2257 960 2324 deorum«
995 2258 1085 2343 (Cic.
1118 2258 1160 2323 de
1189 2265 1257 2324 nat.
1289 2257 1377 2324 deor.

254 2366 279 2450 I,
302 2367 355 2451 42,
381 2367 456 2442 117)
480 2368 642 2450 propensi,
671 2385 750 2448 cum,
779 2362 855 2449 quid
885 2372 973 2431 esset
995 2365 1135 2430 futurum
1163 2366 1263 2450 (XIV,
1287 2367 1376 2446 248),

255 2471 474 2556 comperiendi
502 2471 703 2557 cupidissimi
731 2480 841 2538 essent
869 2480 901 2537 ct
930 2473 1142 2539 libentissime
1169 2493 1257 2538 nova
1284 2492 1374 2558 prae·

255 2588 362 2665 cepta,
392 2599 570 2664 quaecum
598 2580 701 2645 servis
724 2580 904 2664 peregrinis
932 2582 1067 2645 Romam
1091 2581 1251 2646 translata
1276 2586 1372 2660 crant,

254 2688 446 2771 arriperent,
479 2687 533 2770 iis,
566 2686 629 2768 quir
654 2697 754 2750 artem
788 2687 895 2752 futura
926 2686 1137 2773 praedicendi
1171 2707 1246 2752 sese
1279 2705 1370 2751 nosse

253 2793 497 2878 profitebantur,
527 2813 683 2859 summam
711 2792 807 2859 fidem
837 2793 1009 2861 habebant.
1056 2793 1143 2859 Inter
1166 2813 1279 2861 omnes
1302 2813 1367 2858 con·

254 2909 320 2965 stat
343 2902 569 2985 imperatorum
589 2900 802 2965 Romanorum
822 2907 930 2965 aetate
950 2901 1239 2985 Babylonicssive
1264 2899 1365 2966 Chal·

121 3078 127 3093 ,
253 3006 372 3073 daeos
406 3008 576 3090 <v1,553.
613 3007 657 3090 X,
686 3009 742 3089 94)
776 3007 845 3073 sive
877 3007 1169 3073 mathematicos
1202 3009 1270 3092 (VI,
1297 3008 1364 3073 562.

252 3115 338 3198 XIV,
358 3116 437 3192 248)
462 3114 531 3179 sive
554 3113 779 3197 astrologos
803 3116 870 3200 (VI,
885 3118 964 3196 554)
993 3114 1081 3200 apud
1104 3116 1191 3182 viros
1215 3114 1363 3194 mulieres,

253 3221 371 3287 divites
417 3240 591 3305 pauperes,
633 3220 759 3286 nubiles
806 3223 966 3305 ignobiles
1013 3242 1137 3286 summa
1178 3222 1362 3289 auctoritate

228 3327 409 3395 ‚floruisse
480 3326 546 3392 Sed
588 3347 684 3410 quam
725 3328 898 3413 periculosi
944 3329 1063 3395 fuerint
1104 3329 1263 3413 astrologi
1299 3347 1360 3392 cunr

251 3435 316 3499 iam
352 3435 474 3500 liberae
511 3435 557 3499 rei
589 3435 753 3520 publicae,
790 3443 856 3500 tum
892 3437 1120 3520 imperatorum
1159 3442 1283 3520 aetate,
1318 3431 1360 3497 vel

252 3562 292 3606 ex
321 3560 358 3606 eo
386 3541 591 3626 intellegitur,
625 3541 711 3625 quod
744 3542 883 3608 decretis
915 3543 1131 3627 imperatoriis
1155 3543 1259 3608 Roma
1281 3540 1360 3606 iden·

253 3647 352 3713 tidem
391 3649 517 3733 expulsi
551 3655 632 3714 sunt.
693 3647 822 3726 Quanta
858 3649 954 3715 fuerit
991 3670 1100 3715 eorum
1136 3648 1296 3715 industria
1328 3664 1360 3710 ac

250 3755 388 3839 navitas,
417 3775 457 3820 ex
481 3756 670 3839 scriptorum
694 3757 882 3822 Latinorum
906 3757 985 3822 locis
1004 3763 1151 3841 apparet,
1179 3765 1215 3821 ut
1239 3777 1279 3823 ex
1302 3755 1358 3820 Olc.

250 3861 292 3928 de
324 3862 423 3929 divin.
455 3863 479 3947 I,
510 3865 539 3945 1,
568 3866 603 3929 2:
639 3863 815 3929 »Chaldaei
825 3915 921 3931 .....
961 3863 1112 3928 diuturna
1145 3863 1360 3929 observatione

251 3968 392 4035 siderum
416 3975 570 4054 putantur
594 3969 750 4052 effecisse,
774 3978 809 4034 ut
831 3970 978 4054 praedici
1001 3977 1128 4056 posset,
1153 3970 1231 4053 quid
1255 3970 1360 4052 cuique

322 4146 343 4214 ¹)
363 4147 404 4201 De
424 4164 518 4202 amore
537 4149 566 4202 et
584 4147 656 4214 odio,
681 4148 712 4202 in
731 4166 785 4216 quo
806 4147 919 4203 Graecis
938 4150 967 4203 et
985 4148 1119 4205 Romanis
1139 4147 1238 4204 Iudaei
1256 4144 1360 4208 fuerint,

249 4236 283 4290 cf.
303 4235 445 4291 Zacheri
464 4235 703 4303 dissertationem,
723 4236 768 4291 cui
786 4237 949 4291 inscribItur
970 4237 1283 4303 ,Antisemitismus
1302 4231 1361 4290 und

248 4325 570 4380 Philosemitismus
593 4326 637 4380 im
660 4326 880 4381 klassischen
907 4326 1106 4392 Altertum‘,
1134 4327 1244 4383 Preuss.
1273 4323 1360 4380 Jahrb.

247 4414 289 4480 94,
310 4416 334 4469 1.
373 4415 450 4469 1898.
