2828 5002
717 380 760 444 34

249 573 376 642 Schol.
400 573 537 639 Vallae
561 573 603 638 sul
628 574 658 641 lu
682 574 719 638 l.:
752 573 1080 658 »Xersmpeliuas,
1106 572 1282 640 subaudier-

180 681 255 748 dum
277 688 401 761 vestes,
435 700 519 765 quae
551 681 594 744 ed
622 700 714 746 usum
742 666 974 759 matronarum,
1007 681 1114 764 inquit
1140 681 1281 758 Probus,

179 789 307 855 fuerunt
340 776 494 874 ampeliui
522 789 653 870 coloris,
687 790 741 871 qui
769 789 852 852 inter
875 788 1038 852 coccinum
1068 795 1101 852 et
1126 789 1280 854 muriceuu

179 895 304 963 medius
328 903 386 963 cst.
431 895 542 962 Xeron
566 915 641 960 vero
665 896 782 960 siccum
808 895 982 977 significat:
1014 896 1128 978 itaque
1152 916 1279 963 xcraru·

178 1003 333 1089 pelinus
367 1001 454 1068 color
485 1003 515 1067 is
548 1020 621 1068 esse
653 1002 805 1086 ereditur,
843 1022 936 1085 quem
974 1000 1086 1086 lingua
1124 1003 1277 1068 vernacule

179 1130 286 1176 rosam
310 1110 428 1176 siccam
452 1108 664 1194 nominamus,
692 1108 791 1193 idque
813 1109 960 1175 Probus
983 1110 1082 1174 etium
1107 1109 1276 1176 confirmare

177 1216 333 1283 videtum

244 1341 326 1410 Not.
342 1340 471 1410 Tiron.
487 1362 518 1427 p.
532 1344 610 1409 159:
632 1342 878 1427 »Xerampinus
898 1341 1193 1427 xerampiuius.‹
1213 1342 1273 1428 [legs

181 1448 397 1536 xerampelus,
420 1449 727 1535 xerampelinus].
1288 1438 1293 1527 1

247 1575 392 1662 Papias
429 1581 466 1640 et
499 1574 642 1658 Ugutio
681 1574 1211 1662 exhibent:.»Xerampelinee
1241 1573 1270 1639 ‹l-

179 1690 293 1749 ountur
315 1689 441 1749 veteres
464 1689 572 1749 vestes
597 1689 629 1748 et
650 1683 868 1771 praesiccae<

247 1807 371 1876 Gloss.
387 1807 650 1875 Latino-Gall.
675 1808 899 1891 Saugermun.:
926 1807 1216 1893 >Xeropellina2
1236 1801 1276 1890 pel

180 1936 221 1982 ou
245 1922 424 1982 uestemeut
451 1914 554 1981 mello.
599 1914 889 2001 Xeropellinus‚
918 1914 1019 1999 vieil,·
1037 1936 1107 2000 sec,
1138 1915 1275 1981 debriet«

542 2077 583 2140 In
607 2076 751 2142 littoris
775 2075 936 2141 Graccis

179 2202 369 2267 vocabulum
403 2201 663 2290 Εηραμπέλιναι
695 2221 757 2266 non
791 2200 909 2283 legitur
939 2199 1003 2266 nisi
1030 2199 1119 2287 apud
1148 2191 1288 2270 sniul

178 2330 209 2394 p.
226 2312 290 2378 843
309 2308 426 2376 Bernh.
451 2309 483 2377 in
504 2310 639 2393 glossa
657 2329 812 2394 perquam
831 2309 950 2375 recenti
972 2314 1010 2391 (s.
1025 2328 1054 2376 ν.
1070 2305 1291 2395 ἀπραβατιπάς),

178 2438 262 2501 quae
290 2416 333 2484 ad
362 2436 428 2483 rem
457 2417 643 2482 vestiariam
671 2417 918 2501 Byzantiuorum
953 2422 1094 2502 spectat;
1129 2416 1173 2482 ibi
1200 2409 1291 2524 vesti-¹

178 2532 300 2605 mente,
338 2545 423 2609 quse
459 2532 613 2590 vocantur
651 2524 913 2612 Εηραμπὲλιναι
946 2543 989 2591 so.
1021 2522 1165 2611 ἐσθῆτες,
1203 2532 1291 2610 quusi

179 2633 294 2697 viliora
318 2640 519 2718 opponuntur
542 2631 742 2697 vestimentis
760 2631 921 2716 pretiosis,
947 2631 1062 2715 quibus
1081 2631 1291 2698 induebantur

178 2738 292 2805 diebus
316 2739 421 2804 festis:
448 2735 521 2803 »Ἐν
539 2748 606 2810 ταῖς
624 2736 740 2823 ἑορταῖς
758 2743 807 2803 καὶ
827 2749 891 2811 τοῖς
908 2736 1058 2811 ἐπινικίοις
1074 2743 1129 2804 καὶ
1146 2745 1290 2826 παρόντων

177 2848 322 2932 πρέσβεων
344 2845 494 2910 ἐνεδύοντο
522 2856 649 2932 χιτῶνας
676 2849 729 2910 παὶ
755 2848 914 2933 χλαμυδας
941 2847 1077 2919 ποικίλας
1100 2845 1159 2913 ἀπὸ
1182 2845 1290 2935 χρυσοῖ

176 2957 229 3018 καὶ
261 2955 413 3041 πορφυρας
443 2955 496 3018 παὶ
527 2950 628 3025 ἄλλως
660 2975 722 3025 πως
754 2954 935 3026 πολυτελεῖς·
968 2951 997 3019 ἐν
1030 2955 1061 3018 δὲ
1093 2964 1162 3027 ταῖς
1186 2953 1290 3020 sortus:

178 3062 308 3133 συνόδοις
342 3058 615 3146 ξηραμπελίνας
646 3063 678 3123 τὸ
707 3071 831 3147 χρῶμα,
865 3061 902 3133 ἃς
933 3059 1059 3126 ἐκάλουν
1092 3061 1290 3147 ἀτραβατικᾰ·

178 3166 237 3231 ἀπὸ
256 3175 309 3243 τοῦ
328 3171 496 3253 χρώματος.
516 3168 624 3251 τὸγὰρ
644 3168 741 3253 μέλαν
759 3165 845 3252 ἄτρον
864 3168 1012 3233 καλοῦσιν.
1033 3165 1053 3253 ἢ
1073 3166 1117 3233 ὅτι
1138 3173 1213 3256 μετὰ
1224 3184 1290 3253 spot

177 3273 266 3356 βαίας
306 3276 425 3346 rubroc<
459 3270 604 3340 εἰώθεσαν
640 3277 784 3360 χρῆσθαι.
841 3272 990 3359 Τραβαῖαι
1027 3275 1058 3338 δὲ
1096 3275 1227 3355 λέγονται
1257 3288 1289 3334 0¹

176 3382 351 3453 colossici<
372 3381 590 3467 χλαμοδεςπῑ)

541 3524 582 3588 In
605 3522 754 3591 litteris
779 3524 934 3590 Latinis

177 3647 283 3714 solus
305 3648 432 3716 quen.
456 3647 484 3712 hu
510 3648 531 3715 l.
560 3648 719 3715 vocabulo
748 3650 1037 3735 xerampelinas
1061 3651 1169 3717 utitur.
1216 3648 1289 3715 (lun

179 3756 248 3822 eius
286 3757 373 3822 notio
411 3756 579 3822 verborum
619 3764 770 3823 contextu
806 3777 870 3822 non
907 3756 1091 3839 illustretur,
1130 3757 1227 3824 schol.
1256 3770 1288 3816 e

179 3863 277 3946 gloss.
302 3863 344 3928 ad
369 3864 402 3928 id
423 3862 674 3948 intellegendum
694 3864 878 3929 adhibenda
899 3871 980 3931 sunt.
1027 3864 1235 3930 Forcellini
1255 3859 1288 3924 il

176 3971 280 4037 lexico
309 3992 334 4037 s.
359 3993 387 4039 v.
417 3972 509 4038 dicit:
549 3972 652 4037 »Hinc
691 3973 873 4058 ampelinae
905 3979 1030 4058 vestes,
1067 3993 1151 4056 quae
1187 3971 1288 4038 color<

248 4184 269 4252 ¹)
303 4185 404 4242 Cetera
435 4185 576 4241 quenalis
604 4184 719 4240 nomina
751 4186 971 4257 appellativa
1004 4185 1124 4253 Graeca,
1157 4202 1225 4255 quae
1252 4178 1288 4234 ifl

175 4273 308 4329 litteris
333 4275 473 4329 Graecis
498 4293 564 4329 non
588 4274 828 4340 inveniuntur,
853 4278 919 4329 sunt
938 4275 1116 4346 colyphia,
1141 4271 1285 4331 conchis,

175 4367 328 4428 cottona,
356 4364 517 4434 paenula,
551 4363 684 4433 leguntur
717 4367 811 4419 autem
843 4364 889 4418 vel
917 4365 992 4434 apud
1019 4365 1215 4434 grammaticos
1239 4349 1281 4412 vel

176 4452 253 4523 apud
271 4452 483 4522 lexicographos
504 4452 632 4507 Graecos.
