2828 5002
658 357 699 421 87

151 544 290 615 referenda
331 555 405 614 sunt
441 568 513 614 cum
549 549 650 615 multa
686 549 846 616 vocabula
879 551 1006 616 Graeca
1028 549 1080 615 'ex
1112 569 1182 635 cap.
1214 551 1239 634 I,

146 657 503 742 racharetam
530 677 595 722 vox
623 665 761 742 crypta
789 658 839 737 (V,
866 659 955 746 106),
984 677 1049 741 qua
1076 655 1240 724 Iuvenalis

145 779 186 844 per
203 782 356 829 summam
379 762 537 828 malitiam
561 763 670 831 utitur.

189 871 290 954 Atque
315 870 414 935 etiarn

519 974 543 1044 δ)
562 977 648 1032 ariis
667 977 838 1048 fingendi,
1176 1037 1177 1041 Ἰ

145 1083 210 1151 rrius
231 1084 394 1170 permulta
421 1085 553 1150 nomina
577 1090 669 1151 erant
693 1084 836 1168 Graeca,
867 1104 937 1150 cum
961 1083 1140 1150 acerbitate
1164 1103 1240 1167 qna·

145 1189 194 1256 lam
216 1192 336 1258 mentio
360 1191 397 1257 fit
418 1192 505 1276 VIII,
533 1195 596 1259 102
620 1213 703 1277 sqq,
727 1192 900 1275 inquibus
924 1191 1071 1257 versibus
1095 1189 1137 1257 de
1161 1190 1240 1256 Sici-

144 1297 268 1364 iensium
305 1299 456 1384 operibus
488 1299 626 1364 traditur
663 1306 696 1364 ct
732 1297 903 1364 clarissimi
941 1296 1083 1363 artifices
1124 1296 1240 1362 Graeci

145 1413 355 1484 enumerantur,
381 1404 421 1472 cf.
446 1406 544 1471 etiam
566 1427 598 1491 p.
622 1410 665 1473 66
690 1426 737 1489 sq.
763 1408 809 1490 ββ,
835 1411 867 1469 et
889 1426 920 1490 p.
945 1408 995 1489 77,
1019 1408 1049 1489 2,
1073 1424 1101 1471 a.

359 1586 388 1646 b)
414 1585 465 1638 Ad
481 1585 677 1653 ¹exagitanda
695 1587 873 1639 litterarum
892 1584 998 1640 studia

463 1691 482 1728 a
502 1675 631 1729 Graecis
650 1676 785 1729 Romam
803 1675 902 1728 illata.

185 1797 383 1863 Litterarum
415 1818 492 1864 vero
525 1797 634 1863 studia
663 1818 703 1864 ex
732 1797 872 1864 Graecia
899 1797 933 1861 in
966 1796 1076 1862 urbem
1107 1796 1242 1861 Romam

145 1905 277 1970 ranciaco
300 1904 374 1988 quis
399 1910 461 1981 est,
491 1905 545 1988 qui
574 1904 720 1971 nesciat?
766 1905 977 1990 Perspicuum
999 1903 1099 1987 igitur
1123 1910 1156 1968 et
1179 1902 1243 1967 evi-

145 2028 199 2075 ens
234 2018 286 2076 est
317 2010 418 2076 multa
446 2010 604 2076 vocabula
633 2010 760 2076 Graeca
787 2010 903 2076 artium
937 2017 970 2076 et
1001 2009 1181 2074 rhetoricae
1212 2016 1243 2075 et

145 2117 281 2197 ceticae,
311 2115 546 2202 philosophiae,
570 2117 706 2182 aliarum
729 2116 923 2201 litterarum,
952 2136 1037 2199 quae
1060 2135 1081 2180 a
1105 2115 1242 2181 Graecis

145 2223 241 2290 ›etitae
266 2229 370 2303 erant,
399 2225 432 2289 in
456 2224 620 2290 luvenalis
649 2231 777 2289 saturas
801 2223 920 2289 abisse.
968 2223 1051 2287 Huic
1074 2221 1242 2286 doctrinae

145 2349 186 2395 nm
218 2333 384 2397 vacabant
416 2350 527 2396 omnes
559 2330 719 2415 homines,
752 2331 849 2396 etiam
881 2328 1048 2414 mulieres,
1082 2329 1165 2411 qna'e
1187 2328 1242 2413 VI,

150 2440 297 2506 34—456
320 2445 452 2523 propter
475 2437 559 2502 hanc
582 2458 648 2502 rem
672 2437 915 2522 increpitantur.

188 2546 257 2613 Non
289 2565 392 2631 parva
419 2565 534 2611 vocum
564 2545 760 2610 Graecarum
792 2563 869 2629 pars
898 2548 1026 2629 spectat
1054 2540 1098 2606 ad
1124 2547 1242 2626 poetae

495 2704 524 2773 α)
543 2704 661 2760 studia
678 2703 868 2769 rhetorica,

145 2828 204 2890 [uae
240 2819 315 2879 sunt
352 2810 519 2897 permultis
557 2819 739 2878 saturarum
775 2811 857 2876 locis
895 2806 1079 2875 manifesta.
1132 2806 1240 2886 Quid?

145 2914 213 2994 ,15
236 2939 307 3003 sqq.
337 2938 373 2984 sc
401 2919 518 2984 studiis
542 2919 711 2984 rhetoricis
740 2916 884 2984 deditum
908 2916 1024 2996 fuisse,
1052 2915 1242 2998 prinsquam

145 3034 314 3092 nsaturas
349 3025 537 3091 condendas
569 3026 777 3109 incumberet,
809 3045 915 3090 nonno
947 3024 1019 3108 ipse
1053 3021 1242 3107 profitetur?

145 3127 261 3215 itenim,
295 3153 367 3198 cum
399 3132 456 3197 illo
488 3139 633 3216 tempore
660 3133 758 3198 moris
789 3140 890 3212 esset,
923 3139 959 3196 ut
986 3131 1123 3195 Romani
1148 3148 1241 3194 omne

145 3233 298 3304 itterarum
331 3236 434 3322 genus
467 3260 488 3303 a
520 3239 654 3304 Graccis
683 3238 861 3324 profectum
890 3237 1047 3322 colerent,
1080 3235 1243 3302 rhetorica

145 3359 247 3430 luoque
294 3366 348 3412 ars
398 3365 419 3411 a
469 3346 636 3428 magistris
687 3344 821 3410 Graecis
873 3342 1067 3412 discebatur.
1137 3340 1241 3419 Quam

145 3447 169 3512 hb
208 3473 274 3520 rem
326 3453 434 3518 omnia
479 3451 547 3517 fere
597 3451 768 3536 vocabula,
815 3470 899 3534 quae
945 3450 988 3515 ad
1034 3449 1124 3515 illam
1170 3469 1240 3535 per-

145 3552 233 3646 irent,
268 3568 360 3625 erant
392 3559 539 3625 Graecae
572 3559 719 3642 originis,
755 3566 787 3624 et
820 3578 891 3623 cum
924 3557 1043 3622 Latina
1080 3556 1242 3640 deessent,

145 3679 163 3725 u
185 3686 330 3733 sermone
358 3665 521 3733 cotidiano
550 3667 774 3732 usitatissima.
822 3663 914 3742 Quae
943 3684 1015 3729 cum
1047 3663 1095 3729 ita
1125 3670 1242 3746 essent,

145 3784 169 3832 10
201 3774 364 3840 luvenalis
406 3774 537 3857 quidem
573 3772 625 3840 his
663 3772 798 3839 Graecis
840 3772 920 3837 artis
961 3770 1145 3836 nominibus
1187 3771 1243 3834 ab·

145 3874 246 3966 tinuit,
286 3881 478 3966 praesertim
519 3900 591 3946 cum
631 3880 792 3946 rhetorum
836 3877 1100 3945 consuetudinem
1143 3896 1244 3960 saepe

145 3979 187 4050 nihi
207 3988 393 4055 vindicaret.
439 3988 523 4055 Nam
552 4007 636 4071 qnae
666 3986 772 4052 animo
797 3985 979 4071 proposuit,
1014 3983 1056 4050 de
1084 3984 1126 4049 iis
1155 4001 1243 4046 more

145 4083 283 4161 rhetorum
319 4095 445 4160 ratione
478 4114 517 4159 ac
554 4095 609 4159 via
642 4092 809 4179 disputare
847 4093 944 4177 solet,
982 4099 1017 4156 ut
1054 4090 1244 4176 plerumque

145 4195 221 4266 itiam
261 4201 431 4288 dispositio
475 4200 636 4285 quaedam
678 4209 859 4266 saturarum
903 4199 1055 4265 conclusa
1092 4218 1131 4262 ac
1172 4216 1243 4282 per·

145 4293 223 4394 itata,
256 4330 341 4393 quae
376 4308 553 4375 secundum
581 4308 661 4373 artis
688 4307 869 4372 rhetoricae
892 4312 1069 4392 praecepta
1092 4303 1242 4370 instituta

145 4415 190 4492 itt,
223 4414 318 4482 facile
352 4421 519 4503 appareat.
579 4415 629 4479 Ab
663 4413 777 4480 eodem
810 4412 898 4479 fonte
929 4410 1081 4498 profluxit
1111 4410 1243 4477 ubertas
