2828 5002
564 349 777 444 „Il--

137 529 236 605 icaria
258 540 410 607 substitui
433 560 497 606 non
521 547 679 627 poterant,
703 541 760 606 sed
785 540 825 608 cl.
849 561 880 626 p.
907 543 949 608 82
973 561 1034 624 sq.:
1060 542 1091 610 b.
1139 540 1233 619 Quod

137 649 166 708 et
194 647 322 713 minime
355 647 484 732 mirum,
517 648 668 731 quoniam
700 649 784 714 inter
821 667 932 713 omnes
966 655 1093 714 constat
1130 655 1234 715 artem

137 753 307 820 redicorum
331 775 353 820 a
377 753 512 820 Graecis
541 762 645 820 ortam
672 755 862 840 plerumque
890 774 910 818 a
933 755 1068 821 medicis
1098 755 1235 822 Graecis

137 860 230 927 tornae
255 861 466 928 exercitatam
490 881 572 927 esse.
617 861 829 945 Nequaquam
853 868 962 937 autem
985 870 1095 948 potest
1118 862 1231 946 negari

137 967 348 1052 ppellationes
379 968 561 1033 morborum
591 966 735 1034 Graecas
763 968 904 1034 insertas
934 987 1007 1034 esse
1034 968 1079 1044 iis,
1103 969 1232 1052 potissi·

137 1094 193 1140 um
223 1080 405 1140 saturarum
420 1075 525 1160 -locia,
559 1074 674 1158 quibus
707 1082 805 1160 poeta
839 1075 1014 1160 asperrime
1047 1075 1080 1140 in
1115 1075 1233 1141 civium

137 1200 239 1248 uorum
266 1201 374 1247 mores
402 1181 575 1266 invehitur,
603 1181 644 1248 cf.
668 1182 758 1265 XIII,
783 1183 825 1248 95
850 1201 899 1266 sq.
932 1183 1019 1265 XIV,
1046 1186 1126 1265 1363
1158 1182 1233 1248 vide

137 1287 207 1354 liam
229 1310 261 1374 p.
285 1291 340 1373 63,
365 1291 401 1372 1,
429 1288 505 1353 inde
534 1308 554 1352 a
583 1287 802 1356 cardiacus.
848 1289 984 1356 Accedit
1010 1309 1088 1354 usus
1119 1309 1234 1355 vocum

137 1394 270 1461 laesus
294 1415 380 1480 sqq„
404 1395 460 1479 qui
477 1394 591 1460 itidem
612 1403 662 1461 est
681 1396 903 1480 explicandus.
937 1396 1014 1460 Pari
1032 1396 1127 1462 modo
1150 1416 1233 1462 com-

137 1501 247 1567 lurium
266 1502 501 1568 medicorum
525 1508 561 1567 et
584 1502 945 1584 unguentariorum,
972 1502 1088 1586 quibus
1102 1503 1233 1568 nomina

139 1628 235 1674 raeca
264 1615 372 1686 erant,
406 1607 596 1675 sedulitas
630 1628 693 1674 non
722 1608 791 1675 sine
820 1609 932 1693 aliqua
955 1609 1132 1675 acerbitate
1160 1609 1230 1674 bre·

137 1716 190 1782 iter
213 1716 394 1799 attingitur,
420 1715 460 1781 cl.
484 1736 514 1800 p.
540 1718 598 1782 19:
623 1717 653 1799 3,
679 1733 705 1782 c.

565 1873 591 1943 β)
609 1875 659 1929 Ad
678 1875 778 1930 cibos.

174 1980 303 2048 Deinde
345 1983 432 2068 apud
474 1989 605 2068 poetam
646 1982 797 2076 leguntur
839 1983 969 2049 nomina
1010 1983 1233 2048 nonnullarum

139 2090 320 2155 estiarum
345 2090 644 2175 esculentam,
673 2110 757 2173 quae
787 2109 827 2154 ex
856 2089 1036 2175 peregrinis
1060 2091 1168 2172 terris,
1187 2097 1235 2155 ·ut

137 2215 152 2260 r
173 2197 294 2278 Africa,
319 2195 363 2261 ad
386 2197 550 2262 Romanos
573 2197 766 2280 importatae
790 2204 891 2281 erant,
916 2194 957 2263 cf.
981 2196 1038 2280 XI,
1064 2198 1126 2263 138
1148 2217 1232 2280 squ:

137 2323 217 2388 ryx,
242 2323 458 2389 pygargus,
480 2303 823 2388 phoenicopterus.

175 2410 249 2476 Hae
282 2410 420 2494 epulae
453 2409 812 2492 conquisitissimae
845 2408 1087 2493 apparabantur
1120 2409 1162 2474 ab
1191 2413 1234 2475 iis

137 2516 305 2598 ominibus,
340 2516 394 2601 qui
422 2514 614 2582 diffluebant
641 2516 767 2580 luxuria
796 2522 828 2580 et
857 2515 997 2580 delicate
1025 2535 1065 2581 ac
1093 2516 1234 2581 molliter

137 2621 271 2689 luebant.
329 2623 413 2689 Huic
450 2623 570 2690 aetatis
607 2622 702 2707 mori,
740 2642 834 2706 quem
871 2622 1028 2708 queritur,
1066 2622 1233 2688 Iuvenalis

140 2749 169 2794 er
196 2729 454 2813 indignationem
482 2729 617 2815 opponit
644 2729 749 2796 victus
777 2729 1032 2814 simplicitatem,
1067 2750 1132 2813 qua
1159 2729 1234 2815 ipse

137 2856 148 2899 r
185 2838 332 2903 convivio
374 2838 484 2903 utitur.
545 2837 720 2902 Praeterea
761 2836 813 2902 bis
850 2856 977 2921 quoque
1016 2836 1096 2903 locis
1136 2836 1232 2903 deli·

141 2949 281 3010 atorum
306 2945 476 3016 ciborum
499 2963 558 3028 per
582 2943 691 3010 odium
715 2945 835 3010 mentio
859 2943 908 3010 fit:
932 2944 988 3027 IV,
1010 2946 1067 3027 153
1091 2946 1150 3027 393
1175 2947 1234 3027 683

142 3053 191 3135 193
221 3055 300 3135 1293
332 3055 408 3135 1423
440 3054 513 3120 143.
562 3052 602 3133 V,
627 3053 668 3117 81
694 3072 755 3134 sq.:
790 3055 847 3134 923
880 3052 939 3134 993
975 3053 1049 3118 141.
1094 3052 1149 3131 Vl,
1174 3054 1235 3134 403

137 3158 191 3242 on,
225 3161 300 3226 621.
345 3159 438 3243 VIII,
473 3159 524 3225 85.
574 3158 635 3243 XI,
668 3160 726 3241 373
759 3159 817 3241 493
852 3160 925 3224 121.
975 3158 1061 3251 XIV,
1094 3161 1124 3225 8.
1171 3159 1235 3224 Per

137 3265 354 3331 ‚cerbissimam
385 3265 565 3332 irrisionem
602 3284 642 3330 ac
679 3270 896 3349 contemptum
935 3264 1116 3350 complures
1154 3265 1234 3330 cibi

137 3369 296 3439 ’iliseimi
328 3371 504 3438 afferuntur
530 3373 585 3450 IV,
610 3375 662 3438 33.
707 3373 745 3456 V,
775 3374 827 3440 84.
873 3373 944 3457 VII,
975 3375 1049 3440 120.
1095 3373 1153 3454 XI,
1178 3376 1233 3440 37.

137 3476 196 3565 lIV,
212 3483 285 3547 132.
331 3478 426 3545 Adde
448 3480 507 3564 III,
523 3481 581 3562 833
606 3481 681 3547 293.
704 3480 776 3563 VH,
795 3480 857 3546 119
874 3499 923 3562 sq.
947 3479 1034 3565 XIV,
1052 3482 1125 3565 131,
1149 3499 1234 3563 quae

137 3582 233 3652 ribaria
263 3573 304 3652 ex
331 3586 511 3671 peregrinis
539 3586 739 3669 regionibus,
774 3585 913 3651 sortasse
946 3605 1017 3650 cum
1047 3586 1165 3668 servis,
1200 3586 1233 3651 in

137 3690 222 3758 rbem
245 3692 338 3758 illata
362 3700 462 3758 erant

410 3856 439 3914 b)
458 3854 509 3906 Ad
527 3869 648 3907 morum
667 3854 934 3921 depravationem.

179 3959 287 4026 Multis
319 3958 400 4024 locis
432 3958 596 4026 Iuvenalis
632 3977 753 4023 morum
791 3957 1006 4042 corruptelam
1043 3976 1083 4022 ac
1120 3954 1234 4041 depra-

137 4067 274 4133 'atiouem
306 4064 522 4148 libidinesque
555 4064 728 4131 effrenatas
762 4071 795 4130 et
827 4063 1001 4130 indomitas
1030 4060 1233 4132 condemnat.

137 4164 196 4237 lam
219 4174 383 4239 bominum
405 4172 492 4238 illius
516 4174 635 4239 aetatis
657 4170 860 4257 impudicitia
882 4170 982 4237 latius
1006 4169 1168 4254 serpebat,
1194 4189 1235 4235 ao

137 4292 219 4346 nores
251 4280 285 4345 in
317 4278 389 4345 dies
421 4279 527 4362 magis
564 4278 734 4362 magisque
771 4277 965 4343 labebantur
1002 4283 1034 4344 ei
1065 4275 1153 4341 cives
1191 4276 1234 4341 ad

137 4386 279 4451 nieritum
312 4384 505 4450 videbantur
536 4385 670 4469 rapturi.
716 4384 844 4449 Inducti
877 4391 969 4450 erant
1004 4381 1161 4467 imprimis
1194 4404 1234 4449 ex
