2828 5002
809 341 873 406 100

277 535 383 602 irrisio
422 535 597 618 excitatur,
635 535 693 602 sed
729 535 809 601 locis
845 534 942 619 longe
978 535 1124 621 plurimis
1161 536 1233 602 sola
1269 537 1393 604 nomina

278 643 404 709 Graeca
428 643 480 710 vel
512 663 552 709 ex
581 641 781 727 geographia
812 642 866 708 vel
894 663 934 710 ex
962 641 1099 710 historia
1127 643 1179 709 vel
1207 664 1249 710 ex
1280 644 1390 713 fabulis

278 750 412 819 Graecis
436 756 513 817 nota
535 750 695 834 leguntur.

344 874 468 953 Quodsi
500 875 661 941 nominum
694 874 962 960 appellativorum
995 875 1193 942 Graecorum
1230 898 1384 945 numerum

277 1003 500 1069 comparamus
524 1004 595 1049 cnm
619 983 780 1048 nominum
799 982 998 1067 propriorum
1017 983 1222 1069 Graecorum,
1248 985 1382 1052 animad-

275 1091 429 1157 vertimus
461 1090 596 1177 reperiri
627 1089 665 1154 in
694 1090 893 1175 >prioribus
926 1090 1071 1158 saturis
1104 1091 1255 1175 (I-VII)
1283 1093 1380 1178 plura

276 1199 427 1264 nomina
464 1197 707 1284 appellativa
740 1198 890 1264 Graeca
925 1235 969 1244 -
1007 1201 1082 1266 334
1120 1218 1220 1265 nom·
1254 1200 1378 1286 appell.

276 1307 438 1391 Graeca,
471 1309 544 1373 297
574 1324 667 1373 nom.
695 1324 820 1391 propr.
849 1304 999 1372 Graeca
1021 1344 1073 1391 -,
1101 1306 1139 1372 in
1162 1308 1374 1393 posteriori-

276 1414 344 1480 bus
377 1414 601 1497 (VIH-XVI)
633 1412 745 1498 plura
777 1410 929 1478 nomina
966 1414 1125 1499 propria
1162 1414 1310 1482 Graeca
1340 1453 1371 1461 —

276 1523 350 1588 264
369 1541 462 1587 nom.
481 1520 623 1607 appell.
644 1520 808 1601 Graeca,
828 1521 902 1589 299
922 1540 1013 1590 nom.
1033 1541 1159 1607 propr.
1177 1522 1368 1605 Graeca-‚

276 1627 314 1697 cf.
339 1628 483 1695 tabulam
506 1650 538 1714 p.
565 1630 637 1696 103.

276 1863 319 1938 C.
350 1864 417 1938 De
441 1865 619 1938 vocibus
639 1860 825 1950 Graecis,
851 1863 1026 1959 quaein
1050 1864 1195 1940 litteris
1215 1863 1365 1940 Graecis

673 2011 758 2065 non
786 1989 990 2084 leguntur.

340 2164 493 2232 Nonnihil
533 2163 667 2232 interest
708 2185 815 2250 pauca
849 2165 985 2251 addere,
1027 2186 1111 2249 quae
1152 2165 1196 2232 ad
1232 2165 1367 2234 vocabula

274 2272 401 2339 Graeca
424 2273 466 2338 ab
490 2272 642 2339 Iuvenale
672 2280 827 2358 usurpata
854 2273 887 2338 in
916 2273 1098 2339 universum
1122 2281 1280 2359 spectant.
1321 2271 1366 2351 oui

273 2381 305 2444 in
333 2380 471 2446 omnium
499 2380 660 2446 nominum
685 2380 957 2465 ‘appellativorum
991 2371 1186 2448 Graecorum
1214 2381 1366 2464 historiam,

273 2496 307 2552 ut
343 2487 390 2552 ita
428 2487 549 2568 dicam,
592 2486 808 2573 inquisiverit,
851 2509 923 2554 enm
963 2508 1025 2553 non
1063 2486 1184 2572 fugerit
1219 2489 1366 2556 nonnullas

272 2614 369 2662 voces
397 2595 555 2680 Graecas,
583 2594 623 2663 cf.
653 2617 685 2681 p.
710 2598 753 2662 34
776 2596 867 2681 adn,
896 2603 971 2662 ante
997 2596 1160 2664 Iuvenalis
1189 2604 1323 2666 aetatem
1345 2595 1367 2660 in

273 2702 388 2768 litteris
412 2702 547 2769 Graecis
571 2723 633 2768 non
657 2703 802 2772 inveniri.
850 2701 941 2780 Quae
965 2723 1017 2770 res
1037 2723 1108 2770 cum
1131 2705 1179 2771 ita
1203 2726 1239 2773 sa
1261 2706 1367 2785 habeat,

272 2809 456 2875 Heinrich
489 2810 531 2874 ad
565 2809 672 2876 Iuven.
702 2809 741 2894 ΙΙ,
770 2831 804 2896 p.
829 2814 891 2879 371
925 2810 969 2876 ad
1000 2832 1084 2879 vers.
1120 2815 1183 2880 109
1215 2831 1366 2899 magnum

272 2918 543 2983 vocabulorum
573 2916 820 3001 Graecorum,
855 2939 951 3002 quac
982 2918 1020 2985 in
1052 2919 1198 2987 litteris
1226 2920 1367 2987 Graecis

272 3022 423 3104 desunt,
452 3044 656 3110 numerum,
685 3030 719 3089 ut
743 3026 877 3110 cyclas
901 3026 967 3110 (VI,
985 3026 1076 3112 259),
1099 3029 1366 3115 xerampelinas

272 3132 336 3216 (VI,
360 3131 449 3216 519),
473 3131 541 3196 alia
563 3151 584 3196 a
607 3132 787 3198 Romanis
812 3132 977 3198 formata
1001 3153 1088 3201 esse
1112 3134 1221 3202 dicere
1245 3157 1304 3203 non
1325 3133 1366 3198 dn·

272 3238 397 3305 bitavit.
443 3236 535 3315 Quod
555 3260 696 3324 prorsus
719 3240 980 3325 improbandum,
1007 3240 1102 3307 immo
1131 3242 1307 3328 putandum
1331 3245 1366 3307 est

270 3345 433 3429 plurima
452 3345 640 3413 eiusmodi
659 3346 855 3413 vocabula
875 3348 1024 3415 Graeca
1044 3369 1088 3415 ex
1103 3369 1175 3416 usu
1190 3351 1365 3418 cotidiano

270 3451 500 3518 Graecorum
524 3474 699 3537 magnam
718 3454 920 3521 Graeciam
938 3456 1207 3540 incolentium,
1233 3459 1366 3544 quibus·
1406 3450 1408 3519 i

270 3577 350 3624 curn
375 3566 458 3625 erat
485 3561 666 3627 Romanis
699 3565 960 3629 commercium
994 3571 1031 3630 et
1059 3567 1313 3650 consuetudo,
1339 3563 1365 3626 in

269 3664 440 3748 linguam
458 3668 635 3734 Latinam
658 3669 852 3736 translata
877 3691 963 3738 esse
987 3692 1146 3757 eamque
1165 3674 1211 3739 ob
1233 3687 1366 3740 causan

270 3773 390 3839 solam
415 3774 453 3841 in
475 3775 623 3843 litteris
647 3775 809 3844 Graecis
833 3776 1068 3859 desiderari,
1097 3779 1198 3865 quod
1230 3782 1367 3848 litterae

270 3881 444 3948 Graecae
475 3883 585 3950 illius
617 3885 775 3970 aetatis,
810 3906 887 3969 qua
914 3887 1075 3954 Romani
1107 3889 1297 3973 permulta
1320 3902 1366 3951 ro·

270 3987 406 4054 cabula
434 4008 455 4053 a
483 3990 646 4057 Graecis
680 3991 1012 4078 deprompserunt,
1049 4015 1149 4061 nunc
1180 3993 1365 4082 perierunt

269 4096 493 4181 Perpaucae
525 4118 642 4166 voces
675 4100 850 4167 Graecae
882 4122 903 4167 a
935 4102 1197 4188 scriptoribus
1233 4094 1364 4169 Latinis

268 4201 317 4266 ad
350 4205 560 4289 exemplum
589 4207 822 4273 Graecarum
850 4208 1029 4275 videntur
1062 4209 1249 4277 formatae
1280 4221 1361 4275 asse,

268 4308 308 4376 cf.
332 4331 362 4395 p.
386 4315 527 4379 36-39.
