2828 5002
693 341 734 407 12

148 536 271 613 culta,
300 543 336 602 ut
359 534 495 601 Romani
519 555 630 603 omncs
653 554 706 602 res
728 533 897 602 vocabulis
920 535 1047 602 Latinis
1070 541 1208 622 possent
1230 533 1265 601 si·

149 641 314 728 gnificare.
371 642 486 710 Talem
518 661 632 708 vocum
664 641 864 708 Graecarum
895 661 988 708 usum
1022 642 1121 708 etiam
1151 641 1265 722 Cicero,

150 749 248 816 iudex
271 749 305 815 in
327 749 390 815 hac
409 769 445 815 re
462 749 640 817 acerrimus
659 756 758 832 atque
777 749 1048 835 elegantissimus,
1072 755 1214 817 excusat
1233 747 1267 814 de

148 855 339 939 fin.111,4,
366 857 422 924 15:
458 856 560 922 »Puto
590 854 726 922 concedi
748 855 842 922 nobis
866 864 1029 942 oportere,
1059 863 1097 922 ut
1124 855 1267 922 Graeco

148 964 267 1031 verbo
298 971 464 1048 utamur,
502 961 656 1047 quando
687 963 813 1029 minus
850 970 1029 1031 occurret
1064 961 1267 1028 Latinum«

148 1069 244 1136 Adde
268 1068 456 1147 Quintilian.
480 1069 555 1137 inst.
580 1076 660 1138 orat.
685 1071 765 1154 1,5,
792 1073 845 1138 58.

201 1177 394 1243 Praeterea
413 1175 558 1252 Plautus,
585 1183 620 1241 ut
642 1177 768 1243 Atticos
787 1183 902 1263 poetas
925 1176 1065 1244 comicos
1086 1175 1268 1260 imitaretur,

148 1284 297 1351 versibus
319 1282 439 1350 multas
461 1302 560 1350 voces
583 1283 781 1369 compositas
800 1283 945 1349 Graecas
964 1283 1108 1349 inseruit
1148 1283 1191 1348 lar
1204 1287 1269 1349 erat

149 1387 193 1454 ad
216 1390 277 1456 has
301 1388 488 1457 formandas
507 1389 619 1473 lingna
638 1389 766 1456 Graeca
784 1388 1009 1473 multomagis
1032 1389 1154 1455 idonea
1177 1406 1268 1473 quam

148 1496 282 1577 Latina,
311 1503 347 1562 ut
368 1497 462 1564 testis
485 1503 538 1563 est
559 1496 672 1562 Livius
695 1496 832 1582 XXVIl,
859 1500 909 1580 11,
929 1499 951 1563 4
969 1515 1033 1579 sq.:
1064 1495 1176 1562 »Satis
1199 1514 1267 1561 con·

150 1603 260 1670 stabat
276 1653 418 1672 ......
453 1603 629 1670 Sinuessae
660 1611 771 1669 natum
799 1602 950 1686 ambiguo
979 1603 1063 1668 inter
1090 1621 1214 1668 marem
1241 1606 1270 1667 ct

149 1709 303 1777 feminam
336 1729 416 1776 sexu
448 1709 614 1790 infantem,
648 1729 728 1793 qnos
761 1709 1010 1794 androgynos
1043 1707 1201 1792 vulgus,
1233 1714 1270 1774 ut

149 1817 353 1902 pleraque,
390 1815 574 1883 faciliore
606 1816 654 1882 ad
691 1815 930 1902 duplicanda
966 1817 1085 1883 verba
1122 1815 1270 1882 Graeco

150 1942 324 1989 sermone
347 1922 523 2008 appellat«

219 2029 303 2095 Huic
327 2037 435 2096 autem
458 2035 577 2115 poetae
598 2029 733 2114 comico,
758 2049 852 2113 quem
873 2035 1000 2096 constat
1022 2049 1104 2094 aura
1121 2027 1269 2115 populari

150 2136 245 2221 quasi
268 2135 413 2202 afflatum
436 2136 551 2222 fuisse,
574 2137 607 2202 in
631 2135 807 2202 comoediis
830 2137 928 2221 vulgi,
952 2134 1039 2219 quod
1063 2135 1221 2203 audiebat
1241 2141 1271 2201 ct

150 2243 332 2329 spectabat,
351 2242 434 2309 ratio
453 2243 605 2309 habenda
619 2249 702 2320 erat3
726 2263 789 2326 quo
804 2243 903 2326 igitur
918 2244 987 2310 iure
1001 2242 1269 2322 Graecissaverit,

151 2350 248 2418 docet
276 2349 390 2416 Cicero
422 2349 465 2416 de
496 2349 550 2416 off.
580 2350 621 2435 11,
652 2353 704 2435 10,
733 2353 791 2418 35:
829 2350 1111 2435 »Popularibus
1143 2348 1271 2417 verbis

151 2464 210 2524 est
233 2456 421 2541 agendum
450 2464 488 2523 et
510 2457 686 2538 usitatis,
719 2477 791 2524 oum
819 2457 988 2542 loquamur
1016 2456 1062 2523 de
1090 2456 1272 2542 opinione

149 2564 363 2651 populari«
426 2561 498 2640 Qua
536 2563 577 2630 de
615 2584 716 2630 causa
752 2571 1004 2630 consentaneum
1041 2569 1091 2629 est
1122 2563 1271 2629 Plautum

151 2671 291 2756 plurima
310 2671 471 2737 vocabula
491 2671 619 2737 Graeca
637 2677 816 2736 mutuatum
841 2690 915 2737 esse
939 2690 957 2735 e
980 2689 1155 2737 sermone
1178 2670 1271 2736 ooti·

151 2779 282 2863 diano,
306 2778 339 2843 in
363 2797 425 2863 quo
449 2777 533 2845 tales
551 2797 650 2844 voces
669 2784 762 2844 erant
780 2777 1024 2844 usitatissimae.
1061 2775 1178 2861 Neque
1201 2797 1272 2843 raro

150 2883 312 2950 vocabula
341 2883 484 2969 Graeca,
517 2904 599 2949 cum
630 2885 771 2969 longus
803 2905 889 2951 esse
919 2885 1056 2969 nollet,
1088 2885 1122 2949 in
1155 2884 1273 2951 fabulis

152 2991 290 3057 Graecis
312 2990 478 3057 vertendis
500 2991 641 3057 retinuit.

217 3097 298 3163 (lum
321 3097 429 3163 Plauti
451 3118 571 3182 genere
594 3097 723 3164 dicendi
743 3098 817 3164 aliis
840 3097 874 3163 in
896 3099 994 3164 rebus
1016 3097 1176 3180 congruit,
1200 3097 1273 3164 aliis

150 3204 303 3271 dissentit
326 3204 470 3273 Cicero.
517 3205 596 3271 Oum
628 3205 716 3272 illius
744 3224 892 3272 sermone
922 3204 1161 3288 quodammodo
1192 3224 1274 3271 com-

149 3309 260 3396 parari
282 3316 391 3396 potest
414 3311 579 3378 Ciceronis
604 3333 705 3396 genus
729 3311 890 3379 scribendi
914 3312 947 3377 in
972 3311 1168 3396 epistulis.
1216 3310 1274 3377 His

151 3417 235 3483 euim
251 3418 453 3503 maximeque
472 3419 520 3484 ad
538 3420 707 3485 Atticum
725 3418 812 3486 datis
828 3418 949 3503 Cicero,
969 3438 1032 3501 quo
1052 3425 1122 3485 erat
1142 3417 1274 3502 linguae

150 3524 298 3591 Graecae
326 3524 434 3591 studio
463 3534 496 3592 et
523 3546 646 3607 amore,
679 3527 870 3611 praesertim
904 3526 932 3591 si
960 3525 1094 3592 iocose
1126 3525 1191 3591 vel
1220 3524 1273 3590 io·

149 3629 360 3697 miliariter
390 3631 597 3716 loquebatur,
629 3633 747 3699 multus
775 3652 873 3699 voces
902 3632 1047 3698 Graecas
1075 3631 1180 3696 forma
1211 3650 1274 3696 non

149 3742 274 3802 mutata
297 3737 485 3822 admiscuit3
514 3746 684 3824 praeterea
711 3760 775 3805 non
802 3759 876 3805 raro
904 3758 1016 3805 versus
1045 3744 1078 3805 et
1099 3738 1274 3823 proverbia

151 3843 279 3910 Graeca
302 3844 421 3913 attulit.
467 3846 551 3914 Nam
579 3847 612 3912 in
640 3846 789 3931 epistulis
816 3845 994 3931 neglegens
1022 3844 1190 3911 doctorum
1219 3843 1274 3910 ho·

150 3949 272 4016 minum
295 3950 383 4018 illius
397 3953 517 4019 aetatis
531 3973 637 4019 sermo
650 3972 711 4019 usu
730 3951 819 4018 venit
835 3959 920 4018 teste
939 3952 1094 4019 Oicerone
1114 3951 1210 4038 epist.
1231 3948 1274 4017 ad

151 4057 331 4125 familiares
354 4059 412 4140 IX,
433 4063 536 4145 21,1,
559 4060 592 4125 in
615 4079 679 4143 quo
703 4059 870 4126 vocabulis
890 4059 1025 4126 Graecis
1049 4058 1095 4124 uti
1119 4064 1187 4123 tum
1211 4057 1273 4124 ele·

151 4165 309 4247 guntioris
339 4165 507 4234 doctrinae
536 4173 635 4250 atque
663 4164 873 4233 humanitatis
901 4166 970 4232 suit.
1016 4165 1076 4231 Est
1103 4170 1212 4231 autem
1241 4164 1274 4229 in

150 4279 300 4357 promptu
323 4275 390 4340 tale
413 4273 542 4340 dicendi
566 4293 669 4358 genus
696 4279 763 4339 tum
785 4274 987 4358 potissimum
1012 4291 1085 4362 esse
1108 4271 1275 4355 usitatum,

151 4399 223 4445 cum
254 4381 370 4447 mentis
403 4381 619 4464 cogitationes
655 4381 708 4446 vel
745 4381 882 4446 consilia
920 4389 952 4446 et
989 4379 1088 4444 animi
1126 4377 1276 4444 adfectus
