2828 5002
799 366 843 431 44

263 562 437 629 luctatione
462 568 494 627 et
517 560 689 644 digitorum
709 561 950 647 compositione,
976 581 1059 645 quae
1083 559 1250 640 sentirent,
1277 559 1365 625 decla·
1400 602 1407 641 -,

263 672 386 756 rabant,
411 669 679 755 quemadmodum
702 670 781 735 muti
804 669 911 735 facere
936 669 1051 736 solent.

329 779 521 862 Plerumque
543 784 652 844 autem
675 777 736 843 hae
760 797 857 844 voces
880 782 1074 863 usurpantur
1398 849 1405 855 χ,

377 883 412 973 b)
450 885 495 952 de
533 884 760 952 saltationis
797 892 907 970 parto
942 883 1105 968 quadam
1142 882 1204 950 vel
1243 899 1363 966 genere
1397 924 1408 962 ,ς

263 992 424 1078 quodam
448 992 552 1060 etde
576 993 709 1078 aliqua
730 1000 842 1078 parte
866 991 963 1059 artis
986 991 1274 1078 gymnasticae,
1297 1007 1362 1072 quac
1399 1032 1408 1067 .-

263 1103 360 1168 etiam
391 1107 559 1189 σκιαμαχία
586 1101 763 1168 vocabatur
791 1106 824 1166 et
850 1101 944 1184 quasi
973 1099 1137 1184 quoddam
1164 1101 1360 1187 προχίιμναομα
1403 1142 1408 1181 :

263 1210 433 1295 pugilatus
452 1209 555 1295 ipsius
577 1211 762 1296 putabatur.

328 1316 422 1395 Quae
454 1316 603 1400 cognatio
636 1317 855 1384 intercesserit
891 1315 974 1381 inter
1009 1315 1164 1403 ὄρχησιν
1198 1320 1233 1381 et
1261 1333 1358 1401 χειρο·
1406 1374 1408 1382 ,

261 1426 401 1514 νομίαν,
430 1424 535 1491 elucet
558 1444 598 1491 ex
621 1423 705 1492 Hdt
728 1424 786 1509 VI,
816 1427 878 1493 129
904 1429 982 1493 extr.
1007 1430 1040 1490 et
1060 1421 1234 1508 Xenoph.
1259 1420 1356 1488 courir.
1406 1464 1408 1468 .

262 1534 302 1618 Il,
319 1537 375 1613 193
400 1552 483 1617 quae
506 1532 588 1598 inter
611 1533 846 1621 χειρονομίαν
871 1541 903 1598 et
925 1537 1186 1620 γυμναστικήν,
1217 1550 1258 1599 ex
1280 1529 1354 1594 Plu

262 1640 348 1725 legg.
374 1640 458 1723 VHl,
486 1661 518 1725 p.
543 1642 636 1708 83οο
664 1647 696 1707 et
724 1640 877 1708 Lucian.
908 1639 949 1706 de
972 1638 1079 1706 saltat.
1106 1641 1158 1722 ll,
1184 1641 1236 1722 78,
1259 1659 1288 1722 p.
1308 1635 1353 1702 tut
1399 1653 1408 1712 1

264 1757 353 1832 extr,
387 1755 423 1813 ut
446 1746 590 1813 omittam
619 1746 702 1815 alios
726 1748 899 1833 scriptores
923 1753 1031 1812 aetate
1054 1746 1267 1832 posteriores,
1298 1759 1355 1826 quor
1397 1778 1408 1817 χ

262 1854 421 1921 vocabula
449 1865 672 1943 χειρονομεῖν
706 1861 738 1922 et
769 1859 979 1942 χειρονομία
1007 1875 1051 1919 ex
1080 1852 1224 1919 studiis
1257 1849 1355 1932 scrip·

261 1970 382 2030 torum
406 1962 637 2029 Graecorum
660 1963 785 2048 quinti
809 1968 846 2028 et
868 1961 999 2047 quarti
1022 1983 1050 2028 a.
1071 1960 1153 2027 Chr.
1174 1981 1205 2026 n.
1231 1951 1356 2026 saeculi
1400 1988 1408 2021 η

261 2077 424 2137 ιιιοίοαίοο
449 2090 522 2137 esse
545 2069 750 2138 manifestum
774 2075 832 2136 est.

327 2179 367 2246 Il.
390 2179 434 2247 Ut
457 2185 587 2246 exstant
613 2198 710 2246 voces
738 2177 884 2244 Graecae
912 2179 1142 2264 παιδονομεῖν,
1166 2178 1360 2261 παιδονομία,

261 2289 473 2375 παιδονόμος,
503 2287 550 2352 ita
578 2285 826 2354 existimandum
850 2291 900 2351 est
923 2290 1051 2370 praeter
1074 2281 1235 2350 vocabula
1258 2301 1364 2370 χειρο-

260 2405 380 2482 νομεῖν
414 2402 445 2460 et
476 2396 690 2483 χειρονομία
722 2394 786 2459 iam
815 2414 835 2459 a
864 2392 1072 2479 scriptoribus
1101 2391 1218 2458 Atticis
1250 2378 1368 2456 formari

261 2503 405 2587 potuisse
429 2502 527 2570 subst.
552 2509 778 2591 χειρονομος,
803 2500 888 2585 quod
912 2499 1103 2566 vocabulum
1122 2499 1266 2564 nativum
1288 2484 1374 2563 verbi

260 2620 492 2699 χειρονομεῖν
516 2609 698 2676 habendum
723 2615 785 2694 est,
814 2610 846 2673 in
875 2608 991 2674 litteris
1019 2614 1127 2673 autem
1155 2605 1290 2672 Graecis
1313 2614 1378 2668 non

259 2717 349 2802 prius
373 2718 493 2801 legitur
513 2738 609 2801 quam
632 2716 720 2802 apud
744 2716 976 2783 Aristaenct.
1000 2714 1093 2800 epist.
1112 2715 1137 2799 l,
1154 2715 1206 2796 26,
1232 2735 1263 2800 p.
1279 2708 1386 2778 med.=

263 2823 347 2891 »Καὶ
369 2837 427 2900 πᾶς
451 2829 564 2912 θεατὴς
586 2821 635 2910 ὑφ’
665 2822 777 2911 ἡδονῆς
803 2830 1028 2911 χειρονομος
1050 2821 1124 2888 εἶναι
1146 2835 1291 2909 πειρᾶται
1325 2818 1394 2884 iud

261 2927 296 2997 δὲ’
310 2938 399 3021 μόνον
415 2916 571 3018 προοροιῖις
591 2937 752 3020 μιμουμένη
770 2935 820 2996 τὸν
834 2928 1043 3018 Καράμαλλον
1063 2934 1112 2995 τὸν
1129 2934 1215 3009 πάνυ,
1240 2928 1399 2994 οἰιιοίντιι)ν

260 3039 340 3128 ἔχεις
362 3044 414 3128 τὴν
437 3044 556 3127 μίμησιν
579 3038 716 3127 ἀνιριβῆ.«
1077 3054 1078 3057 ’

327 3147 559 3232 Interpretatur
603 3154 711 3213 autem
752 3144 914 3231 Hesych.
962 3165 988 3211 s.
1024 3166 1067 3212 v.:
1123 3139 1408 3232 »ΧειρονόμοςΙ

260 3253 443 3343 aarum<

624 3345 665 3408 In
690 3343 838 3410 litteris
862 3344 1014 3408 Latinis

327 3470 351 3536 I.
380 3486 459 3535 voce
487 3469 726 3534 chironomia
756 3468 854 3534 utitur
882 3488 963 3535 unus
992 3466 1116 3544 Quint.
1144 3467 1219 3534 inst.
1252 3473 1329 3532 orat.
1352 3454 1408 3530 12

262 3582 313 3653 ll,
341 3580 380 3644 15
405 3597 483 3661 sqq,
507 3577 560 3660 qui
584 3575 645 3643 hoc
668 3576 763 3642 dicit:
801 3576 867 3643 »Ne
890 3576 964 3642 illos
988 3574 1045 3664 [sc.
1071 3571 1228 3661 oratores]
1253 3573 1408 3659 quiderss

261 3683 542 3770 reprehendendos
566 3693 660 3770 puto,
692 3685 747 3768 qui
779 3684 910 3770 paulum
934 3684 1032 3748 etiam
1054 3683 1261 3768 palaestricis
1284 3698 1401 3748 vaca‘

261 3798 476 3874 verunt....,
509 3800 542 3856 ut
565 3799 654 3858 recta
684 3792 748 3858 sint
772 3790 935 3869 bracchia,
969 3810 1010 3855 ne
1037 3789 1204 3867 indoctae,
1238 3791 1397 3856 rusticae

262 3920 384 3984 manue,
408 3919 449 3966 nc
473 3905 577 3966 status
600 3898 781 3978 indecorus,
806 3917 847 3963 ue
871 3917 934 3981 qua
957 3897 990 3962 in
1013 3895 1217 3982 proferendis
1240 3896 1385 3982 pedibus

261 4006 399 4086 inscitia,
433 4027 473 4072 ne
508 4012 605 4092 caput
638 4006 787 4090 oculique
819 4006 860 4070 ab
893 4004 960 4070 alia
992 4004 1136 4089 corporis
1169 4003 1384 4070 inclinatione

261 4113 451 4182 dissideant.
498 4116 582 4182 Nam
605 4134 710 4198 neque
733 4112 814 4179 haec
838 4133 912 4180 csse
935 4112 967 4177 in
990 4119 1084 4198 parte
1106 4111 1374 4197 pronuntiationis

260 4221 429 4305 negaverit
452 4223 621 4305 quisquam
641 4241 746 4304 neque
766 4220 872 4304 ipsam
886 4219 1177 4305 pronuntiationem
1192 4220 1236 4284 ab
1251 4225 1374 4285 oratore

262 4334 420 4396 secernet:
457 4336 489 4393 et
513 4337 607 4413 recte,
637 4326 724 4412 quod
748 4326 855 4392 facere
880 4333 1036 4411 oporteat,
1059 4345 1122 4390 uon
1144 4324 1368 4409 indignandum

263 4441 312 4501 est
336 4433 473 4518 discere,
508 4455 579 4500 cum
606 4433 795 4519 praesertim
820 4433 901 4499 haec
924 4432 1176 4515 chironomia,
1211 4439 1369 4515 quaeest,
