2828 5002
685 403 728 469 52

455 611 493 720 c)
524 616 752 692 Enuntiata
781 615 958 691 Graeca.

216 810 378 878 Iuvenalis
400 831 528 878 versum
553 811 609 897 IX,
625 815 680 880 37:

259 950 267 982 Ι
315 987 538 1063 ...,»Αι’)ιὸς
564 994 621 1074 γὰρ
648 988 807 1076 ἐφέλκεται
835 989 928 1075 ἄνδρα
955 991 1104 1063 νιὶναιδοςι

150 1170 223 1218 esse
245 1151 446 1237 perediam
469 1152 569 1218 Hom.
593 1150 655 1219 Od.
671 1150 757 1235 XVI,
774 1153 840 1219 294
854 1157 887 1217 ct
900 1150 988 1235 XIX,
1002 1152 1057 1217 13:
1088 1149 1174 1218 ..νλ

149 1262 215 1344 γὰρ
239 1257 435 1348 ἐφέλκεται
457 1258 571 1345 ἄνδρα
593 1260 758 1345 cloppos«
784 1278 878 1325 nemo
901 1257 1003 1342 primo
1026 1256 1180 1343 adspectu

148 1366 312 1451 perspicit.
346 1364 439 1444 Quod
458 1372 556 1451 pocta
579 1365 729 1431 vocabuli
749 1367 868 1453 σίδηρος
888 1365 958 1431 loco
977 1384 1089 1431 vocem
1107 1371 1180 1432 ιιίνα

151 1473 331 1560 supposuit,
356 1472 471 1556 irrisio,
496 1493 592 1558 quam
616 1479 752 1558 spectat,
777 1492 815 1538 co
839 1472 985 1539 acerbior
1007 1471 1053 1541 fit.

477 1653 533 1739 XI,
548 1653 605 1718 27:
636 1650 757 1717 »Γνῶθι
781 1658 934 1720 σεαυτόν(

217 1813 380 1882 luvenalis
408 1820 516 1905 monet
546 1812 580 1878 in
608 1814 754 1880 omnibns
781 1814 876 1880 rebus
908 1812 1077 1899 plurimum
1111 1813 1180 1879 inter

151 1921 279 1987 modum
303 1941 443 2002 servare,
467 1941 530 1987 non
554 1921 665 2006 iniqua
687 1921 862 2007 postulare,
886 1941 957 1986 cum
982 1920 1075 1989 dicit:

315 2029 424 2097 ...oh
448 2027 540 2094 coelo
565 2027 732 2094 descendit
760 2030 872 2111 γνῶθι
899 2032 1047 2094 σεαυτὸν

310 2134 490 2219 Figcndum
514 2141 547 2202 et
569 2135 701 2202 memori
724 2135 926 2201 tractandum
950 2144 1130 2221 pectore«.
1145 2188 1172 2206 ..

217 2242 340 2311 Schol.
372 2244 415 2309 ad
443 2244 473 2312 h.
501 2243 537 2312 l.:
573 2242 737 2309 »Socratis
765 2241 946 2328 philosophi
976 2242 1113 2328 dictum3
1147 2243 1179 2308 id

150 2370 292 2435 agnosce
311 2357 352 2436 tc,
378 2351 432 2435 qui
456 2350 512 2436 sis,
538 2356 569 2416 ct
593 2349 768 2416 secundum
788 2350 1035 2435 possibilitatem
1061 2358 1180 2417 tuamz

216 2458 302 2525 Inter
334 2478 445 2524 omncs
474 2464 601 2523 constat
633 2457 753 2523 dictum
786 2454 921 2523 »Γνῶθι
950 2465 1119 2526 cesores«
1150 2458 1180 2523 in

152 2565 260 2631 lumnc
288 2565 399 2651 templi
426 2563 586 2650 Apollinis
614 2564 764 2650 Delphici
792 2564 991 2651 adscriptum
1019 2564 1131 2635 fuisse.
1175 2567 1180 2630 i

151 2671 342 2739 sententiam
366 2692 387 2736 a
411 2671 545 2737 Chilone
573 2671 628 2736 illo
657 2672 819 2737 inventam
845 2692 918 2739 esse
942 2670 1036 2755 vulgo
1060 2681 1180 2760 putetur

150 2777 236 2863 qnod
259 2779 291 2846 ἐν
313 2788 376 2852 τοῖς
394 2764 464 2866 Ιπερὶ
488 2778 665 2868 φιλοσοφίας
683 2778 803 2845 refellit
826 2780 996 2861 Aristot,
1021 2782 1075 2864 qui
1095 2803 1176 2846 mem

150 2886 258 2972 prodit
286 2885 526 2970 inscriptionem
559 2886 647 2951 illam
676 2885 740 2950 iam
768 2894 844 2954 ante
872 2886 1017 2953 Chilonis
1047 2895 1180 2955 aetatem

150 2994 281 3079 stitisse,
306 2992 345 3060 cf.
370 2992 431 3077 hg.
455 2993 493 3075 V,
513 2997 634 3061 lethe.

509 3119 548 3184 In
572 3119 718 3221 litteris
743 3119 902 3187 Graccis

151 3244 211 3310 hoc
250 3242 446 3310 enuntiatum
483 3245 618 3329 primum
655 3245 772 3328 legitur
808 3245 895 3330 apud
930 3247 1101 3333 Xenoph.
1140 3269 1180 3314 mc

151 3352 203 3436 IV,
228 3355 258 3436 2,
284 3354 327 3419 24
355 3359 387 3416 ct
410 3351 557 3420 Platon.
587 3353 715 3436 Protag.
741 3373 767 3420 e.
792 3355 835 3420 28
860 3358 939 3419 extr.
967 3376 999 3440 p.
1024 3358 1128 3423 3431).
1173 3392 1180 3420 l

150 3457 305 3525 Philcm.
329 3478 381 3543 ap.
405 3457 493 3524 Stoh.
517 3479 610 3526 serm.
635 3459 740 3540 XXII,
765 3463 787 3526 4
810 3467 842 3525 et
867 3460 1062 3528 Plutarch.
1106 3465 1180 3529 Dcm

151 3586 177 3631 c.
203 3569 232 3644 3,
257 3585 288 3650 p.
313 3564 354 3631 in.
377 3586 409 3651 p.
436 3568 509 3634 847.

518 3691 558 3756 In
582 3692 729 3758 litteris
752 3692 904 3760 Latinis

151 3815 271 3882 dietum
294 3813 416 3882 Γνῶθι
440 3822 588 3882 σεαυτόν
611 3817 763 3884 exhibent

220 3922 335 3988 Varro
360 3944 411 4008 op.
434 3923 516 3990 Non.
540 3944 571 4009 p.
597 3927 650 4008 94,
668 3927 708 3992 21
733 3924 775 3992 M.
800 3924 870 4008 [sat.
894 3926 1034 4012 Menipp.
1053 3906 1124 4013 lde,
1147 3929 1180 3992 Lr

150 4028 292 4113 Bueeh.].
338 4032 474 4100 huson.
498 4030 563 4098 lud.
587 4031 647 4096 Vll
671 4030 865 4116 sapientium
888 4036 947 4115 533
974 4036 1036 4102 138
1062 4034 1180 4112 (Chilt

281 4136 481 4222 »Spartanus
505 4158 566 4221 ego
590 4158 660 4204 snm
684 4138 809 4222 Chilon,
834 4139 889 4222 qui
913 4161 996 4207 nunc
1020 4141 1149 4226 prodeo.

278 4245 444 4310 Brevitate
467 4251 553 4325 nota,
578 4265 643 4330 qua
665 4245 813 4313 Lacones
838 4247 963 4322 utimur,

194 4390 199 4396 -
279 4351 473 4423 Commendo
498 4362 640 4418 nostrum
664 4352 782 4419 Γνῶθι
806 4361 969 4430 σεαυτόν,
993 4375 1091 4421 nosce
1115 4362 1151 4438 te,

279 4456 372 4535 Quod
397 4458 428 4522 in
453 4458 601 4524 columna
625 4460 688 4527 iam
714 4467 839 4527 tenetur
862 4461 1049 4547 Delphicas
