2858 5002
687 282 728 347 86

600 371 813 379 a———m-

212 476 318 559 Atque
344 475 441 542 ctiam
464 475 497 541 in

338 633 364 702 β)
384 638 477 691 artes
496 639 529 690 et
547 635 739 691 scaenicum
758 638 791 690 et
810 634 1076 705 gymnasticam,

147 761 230 824 quae
258 742 340 807 inter
372 762 408 810 se
443 742 604 809 artissime
637 741 827 809 coniunctae
860 748 948 826 sunt,
983 748 1049 806 tum
1083 738 1277 806 Graeculi

146 847 348 935 potissimum
366 848 601 917 incumbebant.
638 849 709 914 Hoc
731 847 860 915 nomine
878 846 967 933 apud
985 845 1176 914 Iuvenalem
1199 867 1274 932 per·

147 939 345 1037 stringuntur
381 954 524 1023 artifices
558 962 590 1022 et
623 955 764 1022 scaenici
797 961 829 1021 et
861 953 1057 1038 gymnastici
1090 958 1192 1037 atque
1226 952 1275 1018 in·

148 1066 325 1128 strumenta
370 1069 613 1147 apparatusque
659 1061 829 1128 scaenicus
876 1065 908 1126 et
949 1061 1186 1146 gymnasticae,
1235 1057 1276 1127 cf.

145 1190 178 1253 p.
202 1171 243 1236 67
274 1189 322 1251 sq.
353 1191 382 1245 α,
411 1171 446 1234 δδ
479 1175 510 1234 et
542 1190 574 1254 p.
606 1172 657 1255 78,
686 1168 707 1233 d
739 1175 771 1234 et
799 1188 827 1234 e.
873 1168 996 1234 Poetae
1028 1166 1205 1252 populares
1241 1167 1274 1232 in

146 1275 242 1341 rebus
275 1275 434 1342 scaenicis
466 1275 564 1361 plane
601 1297 642 1342 ex
674 1275 808 1341 Graecis
845 1274 988 1360 pendere
1026 1293 1118 1340 nemo
1157 1275 1274 1340 nescit.

147 1382 198 1448 De
235 1389 305 1447 arte
338 1382 442 1448 altera
477 1381 558 1448 baec
596 1381 735 1447 dicenda
772 1388 854 1450 snnt.
913 1379 1050 1445 Romani
1086 1399 1191 1464 nsque
1230 1379 1274 1444 ad

148 1498 291 1555 extrema
321 1489 443 1554 liberae
472 1489 519 1554 rei
547 1489 698 1575 publicae
726 1495 872 1574 tempora
900 1493 1004 1553 artem
1031 1471 1274 1572 gymnasticam

149 1616 221 1663 csse
266 1595 451 1661 indecoram
503 1602 535 1661 et
582 1595 685 1662 libero
734 1594 865 1662 bomine
911 1595 1054 1659 Romano
1100 1580 1272 1677 indignam

149 1703 421 1787 existimaverant.
490 1701 574 1770 Nam
619 1700 790 1782 artificum,
838 1701 893 1785 qui
939 1698 1034 1766 nudis
1080 1698 1273 1784 corporibus

148 1809 285 1875 artificia
313 1809 521 1894 factitabant,
555 1809 804 1875 exercitationes
835 1827 907 1875 esse
936 1814 1047 1893 turpes
1071 1813 1104 1873 et
1126 1806 1274 1872 moribus

147 1915 440 2001 perniciosissimas
472 1917 645 2000 putabant,
683 1915 724 1984 cf.
762 1916 841 1981 Eun.
880 1936 933 2001 ap.
972 1913 1039 1982 Cic.
1081 1913 1182 1982 Tusc.
1216 1913 1273 1992 IV,

149 2026 201 2101 33,
216 2025 272 2090 70:
299 2023 442 2106 >Flagiti
465 2022 657 2108 principium
682 2031 732 2089 est
754 2022 878 2088 nudare
901 2023 984 2088 inter
1002 2020 1082 2087 civis
1102 2015 1271 2106 corpora«

149 2129 214 2196 Sed
237 2130 303 2195 iam
328 2129 492 2196 Ciceronis
521 2136 629 2196 aetate
656 2131 689 2194 in
717 2130 827 2195 multis
856 2128 1004 2195 domibus
1028 2129 1204 2213 &lunaria
1227 2128 1274 2193 in-

149 2231 376 2316 stituebantur,
407 2241 440 2302 et
462 2237 607 2303 thermae
631 2236 674 2302 ad
699 2236 880 2322 exemplum
903 2236 1146 2320 gymnasiorum
1171 2233 1273 2300 Grae·

149 2365 257 2410 corum
282 2346 535 2412 exstruebantur.
581 2344 733 2411 Extremo
763 2363 840 2409 vero
868 2336 971 2429 primo
994 2365 1025 2428 p.
1051 2342 1122 2409 Chr.
1145 2362 1177 2409 n.
1202 2361 1277 2408 sae·

150 2453 220 2517 culo
249 2453 307 2517 illa
335 2450 445 2518 studia
473 2452 557 2518 adeo
585 2451 866 2536 percrebruerant,
898 2458 934 2516 nt
965 2449 1129 2516 luvenalis
1163 2447 1275 2515 iacere

150 2580 211 2624 non
234 2565 356 2644 posset,
382 2559 458 2642 quin
481 2559 514 2623 in
534 2557 622 2623 cives
642 2578 719 2624 suos
740 2557 931 2640 gravissime
944 2555 1157 2640 inveberetur,
1184 2554 1275 2639 quod

149 2666 305 2730 maiorum
318 2649 503 2730 virtutibus:
527 2684 650 2728 morum
669 2665 865 2747 integritate,
882 2663 1079 2741 fortitudine,
1102 2682 1275 2748 corporum

150 2771 268 2837 duritia
288 2771 479 2856 postpositis
499 2771 749 2837 consuetudines
769 2777 800 2835 et
819 2770 966 2836 instituta
990 2769 1276 2836 Graeculorum

151 2879 371 2945 adamassem.
434 2877 599 2943 Acerrime
632 2885 739 2943 autom
777 2877 947 2943 cavillatur
982 2877 1148 2956 mulieres,
1188 2896 1276 2960 qnae

151 2986 243 3072 ipsae
267 3004 394 3068 quoque
422 2984 488 3051 illis
516 2985 639 3050 artibus
668 3004 800 3071 operam
832 2984 926 3066 dant3
961 2983 1163 3051 vestimentis
1188 2983 1276 3048 e'nim

151 3101 183 3179 et
214 3091 387 3174 unguentis
415 3091 609 3157 athletarum
642 3090 844 3158 delectantur
877 3100 909 3156 et
941 3090 974 3155 in
1007 3109 1120 3175 campo
1154 3088 1276 3155 Martio

151 3199 288 3265 tironum
311 3217 400 3263 more
424 3218 460 3264 se
484 3207 644 3279 exercent,
669 3197 709 3264 cf.
734 3199 789 3280 VI,
814 3201 879 3265 246
904 3218 974 3281 sqq.

218 3304 345 3371 Ludos
374 3325 500 3390 quoque
527 3307 843 3390 voluptatesque,
874 3325 958 3389 qnae
985 3324 1006 3369 a
1034 3302 1171 3370 Graecis
1202 3311 1276 3369 orta

151 3413 304 3496 Romanis
328 3413 453 3478 illorum
477 3420 656 3497 temporum
678 3412 710 3477 in
741 3410 868 3478 deliciis
897 3418 1003 3496 erant,
1032 3416 1132 3496 poeta
1155 3409 1274 3477 identi-

151 3518 225 3585 dem
253 3520 339 3586 salse
366 3519 488 3604 irridet,
520 3518 681 3585 vocabula
712 3518 786 3601 lege
813 3540 845 3604 p.
877 3521 935 3586 68:
970 3541 999 3597 α,
1030 3519 1065 3583 bb
1092 3525 1176 3586 extr.
1225 3519 1274 3583 De

152 3626 321 3692 Graeculis
350 3646 460 3692 carum
489 3626 605 3691 artium
638 3626 696 3690 illa
723 3632 831 3691 aetate
864 3624 1030 3708 magistris
1064 3624 1139 3689 vide
1175 3625 1273 3691 etiam

150 3734 278 3800 Petron.
294 3735 345 3812 76,
371 3740 448 3799 extr.
472 3734 604 3798 Traian.
628 3753 681 3818 ap.
701 3732 782 3800 Plin.
802 3731 894 3817 epist.
914 3732 957 3797 ad
976 3731 1058 3798 Plin.
1079 3732 1124 3799 40
1146 3734 1225 3817 (49),
1243 3731 1272 3798 2.

153 3840 236 3905 Pnn.
258 3861 414 3926 panegyr.
439 3845 489 3926 13,
514 3848 594 3908 extr.

218 3947 289 4014 Hoc
312 3948 383 4013 loco
407 3947 547 4013 breviter
570 3946 768 4031 strictimque
791 3945 898 4012 dicam
922 3944 963 4011 de

526 4105 553 4177 q)
578 4110 652 4162 erte
671 4105 898 4172 aedificandi,

153 4236 249 4298 quam
273 4215 316 4280 ad
339 4216 502 4281 Romanos
525 4234 546 4280 a
570 4215 704 4281 Graccis
727 4213 916 4300 pervenisse
945 4217 977 4278 et
1006 4231 1106 4297 saepe
1130 4231 1152 4279 a
1176 4211 1270 4279 Grae-

155 4320 236 4387 culis
274 4321 484 4387 exercitatam
527 4341 601 4387 esse
637 4321 692 4387 vix
730 4321 880 4404 cuiquam
912 4319 1057 4403 ignotum
1093 4319 1147 4387 sit.
1203 4318 1271 4395 Huc
