2828 5002
685 338 731 404 VI

601 429 816 440 n*

638 531 729 601 cap.
750 530 780 588 Ι.
814 575 1103 592 .........
1167 455 1268 587 lli-‘lt

147 682 215 737 Pars
238 681 329 753 prior:
357 681 524 751 Complura
556 682 685 736 nomina
719 682 840 737 Graeca
871 682 998 736 uberius
1031 683 1108 736 trac·

236 775 359 828 tantur:

184 877 212 947 a)
234 878 357 934 Nomina
380 876 495 944 Graeca,
524 877 625 947 quibus
652 876 793 933 luvenalis
821 877 851 931 in
878 877 982 932 litteris
1001 876 1109 932 Latinis

237 968 312 1024 solus
332 967 422 1022 utitur
460 1006 1104 1023 ...................
1167 965 1271 1020 1749

238 1073 266 1143 α)
290 1073 368 1140 Quae
386 1075 463 1145 apud
482 1073 601 1130 Graecos
622 1091 733 1145 quoque
754 1074 903 1145 scriptores
922 1075 1069 1145 leguntur:
1099 1116 1105 1128 .
1168 1072 1272 1127 17-32

326 1166 516 1232 Acerseoomea,
535 1167 679 1229 comoedus,
700 1172 826 1218 cosmetae
848 1203 1105 1220 ........
1168 1163 1210 1216 18.
1241 1162 1272 1216 19

327 1256 469 1323 epimenia,
488 1257 623 1321 niceteria,
639 1271 781 1321 poponem
814 1293 1104 1309 .........
1128 1252 1173 1306 20.
1184 1252 1229 1305 22.
1240 1252 1272 1304 23

322 1344 484 1412 proseucha,
503 1344 688 1412 trecharum,
709 1383 1105 1400 ............
1166 1342 1210 1395 25,
1241 1341 1272 1394 27

328 1435 439 1500 Baptae,
457 1433 645 1500 Ennoslpocue
672 1471 1105 1489 .............
1166 1431 1210 1484 29.
1241 1431 1271 1483 31

239 1537 266 1607 β)
288 1538 377 1596 Voces
399 1539 529 1604 Graecae,
550 1557 622 1608 quae
640 1539 671 1594 in
689 1539 793 1596 litteris
813 1539 925 1595 Graecis
946 1539 1061 1594 desunt:
1099 1578 1106 1592 .
1167 1537 1273 1592 32-36

328 1631 497 1698 Anabathro,
515 1631 723 1698 xaoorpelinoe,
741 1632 899 1698 Hedymeles
923 1670 929 1683 .
959 1671 964 1682 .
994 1669 1000 1682 .
1030 1670 1035 1680 .
1065 1669 1070 1682 .
1100 1671 1105 1682 .
1130 1627 1174 1682 32.
1186 1627 1230 1680 33.
1241 1627 1273 1680 35

240 1735 267 1805 γ)
289 1735 436 1792 Vocabula
455 1735 573 1802 Graeca,
598 1754 671 1805 quae
690 1754 707 1792 a
725 1739 810 1807 poeta
828 1736 888 1807 ipso
908 1736 1039 1791 videntur
1058 1737 1112 1790 for·

292 1827 372 1880 mata
390 1843 462 1882 esse:
496 1866 893 1882 ............
908 1849 914 1861 ·
923 1865 1107 1880 ......
1167 1824 1273 1878 36-39

332 1917 520 1984 Owomoticar,
537 1917 744 1983 petaeuocalas;
762 1917 896 1970 Stoicidae
922 1955 929 1969 .
958 1956 964 1970 .
993 1954 1001 1968 .
1029 1957 1035 1967 .
1063 1954 1070 1968 .
1102 1954 1106 1964 .
1166 1913 1210 1967 36.
1241 1913 1273 1966 37

187 2021 216 2088 b)
238 2021 328 2078 Voces
348 2022 479 2089 Graecae,
504 2040 573 2092 quas
596 2025 683 2093 poeta
704 2022 811 2094 primus
834 2022 864 2076 in
883 2021 985 2077 litteris
1004 2021 1112 2076 Latinis

242 2110 367 2167 exhibet:
390 2151 1108 2169 .....................
1169 2110 1273 2164 39-51

331 2203 546 2271 Arotimopirus,
565 2205 725 2271 oraolopus,
745 2204 924 2268 chironomon,
939 2204 1113 2266 chironomos,
1132 2200 1176 2254 39.
1187 2200 1231 2253 41.
1243 2199 1275 2252 43

330 2294 450 2359 nauum,
470 2294 568 2361 merie,
588 2294 771 2347 schoenobates
782 2330 1108 2346 ..........
1132 2288 1176 2343 47.
1187 2290 1231 2343 49.
1242 2289 1276 2342 50

189 2396 215 2466 c)
241 2398 397 2455 Enuntiata
415 2399 536 2456 Graeca:
569 2439 576 2455 .
604 2439 611 2455 .
640 2441 646 2455 .
675 2440 707 2470 ‚¹
710 2437 1108 2455 ............
1169 2395 1275 2450 52-54

242 2484 326 2549 Αὐτὸς
344 2489 393 2559 γὰρ
412 2486 541 2559 astam
555 2485 634 2560 ἄνδρα
647 2485 763 2550 κίναιδος,
779 2485 865 2539 Γνῶθι
880 2486 1004 2549 araortv„
1033 2529 1039 2542 .
1069 2528 1074 2541 .
1102 2527 1109 2541 .
1207 2487 1242 2540 52

242 2573 305 2648 Zaa
323 2577 367 2629 aot
385 2577 459 2649 ψυχή
497 2618 1108 2636 ..................
1206 2576 1242 2630 53

190 2684 219 2748 d)
241 2685 330 2741 Voces
346 2685 470 2742 Graecae
484 2686 621 2741 nonsatis
636 2685 783 2756 perspicue
798 2689 847 2740 aut
862 2686 933 2740 falso
948 2685 1113 2755 explicatae.

243 2773 272 2840 α)
294 2773 398 2864 Parum
417 2773 541 2830 dilucida
560 2777 602 2830 est
620 2773 817 2844 interpretatio
837 2775 967 2829 vocabuli
986 2776 1087 2828 elenchi
1105 2815 1110 2826 .
1170 2772 1277 2827 54—56

244 2861 270 2931 β)
293 2863 427 2920 Perverse
445 2863 621 2919 intellectum
640 2866 683 2919 est
701 2880 803 2919 nomen
822 2866 919 2917 Precor
927 2902 1109 2919 ......
1207 2863 1242 2916 59

155 2969 223 3024 Pars
242 2970 393 3043 posterior:
412 2973 578 3027 Nominum
597 2973 787 3028 Graecorum
806 2976 837 3027 et
852 2973 1116 3040 appellativorum

246 3065 278 3115 et
308 3061 517 3128 propriorum,
554 3076 639 3129 quae,
667 3062 700 3115 in
731 3061 894 3115 Iuvenalis
927 3062 1045 3115 saturis
1077 3061 1117 3114 le·

244 3153 369 3216 guntur,
388 3150 502 3204 divisio
535 3187 1112 3205 .................
1171 3149 1279 3202 59-ἵ9

192 3253 224 3307 Α.
244 3254 390 3311 Nomina
409 3255 629 3327 appellativa
648 3254 778 3311 Graeca
784 3295 1111 3310 ..........
1171 3255 1278 3308 59-ss

245 3361 304 3416 ΛΑ.
322 3362 468 3418 Vocabula
487 3362 595 3419 Graeca
613 3380 628 3418 e
647 3380 774 3419 sermone
789 3362 930 3418 cotidiano
949 3363 1117 3433 deprompta
1171 3362 1279 3416 65-69

338 3468 359 3524 1.
378 3468 432 3526 Res
451 3470 609 3526 naturales:
644 3508 1113 3526 ..............
1172 3469 1280 3523 60-62

380 3559 404 3614 1.
423 3559 548 3625 Bestiae,
572 3560 598 3614 2.
621 3558 745 3629 plantae,
773 3559 798 3613 3.
822 3557 930 3628 lapides
955 3561 984 3613 et
1006 3558 1117 3624 similia,

379 3647 404 3702 4.
424 3648 510 3714 venti,
529 3648 627 3714 maria,
646 3642 741 3704 terrae
755 3649 861 3704 formae
894 3687 1113 3702 .......
1209 3648 1245 3700 62

326 3756 361 3810 Π.
381 3755 528 3812 Homines:
539 3794 1114 3812 .................
1174 3755 1282 3811 62-69

381 3864 405 3917 1.
425 3862 540 3934 Corpus,
558 3863 584 3917 2.
604 3862 713 3919 animus
716 3900 1113 3928 ............
1173 3862 1217 3915 62.
1248 3863 1282 3916 63

381 3953 406 4006 3.
425 3952 498 4008 vita:
536 3990 1114 4008 .................
1174 3951 1283 4005 63-69

426 4058 454 4124 a)
477 4059 554 4126 Quae
573 4059 609 4114 ad
626 4058 733 4114 victum
751 4058 914 4128 cultumque
932 4056 1088 4129 pertinent:
1108 4098 1114 4111 .
1174 4057 1284 4113 63-66

479 4147 507 4215 α)
531 4148 623 4204 victus
655 4150 684 4202 et
711 4145 816 4213 simila,
848 4145 875 4215 β)
903 4165 948 4203 ree
975 4163 1119 4211 venereae,

479 4236 507 4306 γ)
526 4236 608 4302 servi,
627 4232 651 4304 δ)
666 4235 836 4292 vestimenta
849 4238 878 4291 et
891 4238 1078 4300 ornamenta.
1107 4276 1113 4288 .
1174 4236 1218 4290 63.
1249 4237 1286 4292 64

484 4323 508 4394 e)
532 4342 601 4381 vasa
623 4327 653 4381 et
675 4324 866 4396 receptacula,
895 4323 920 4391 ζ)
943 4325 1053 4392 reliqua
1075 4340 1120 4377 su-

532 4414 634 4486 pellex,
653 4411 684 4483 η)
704 4413 900 4470 commercium
933 4453 1116 4469 ......
1212 4416 1250 4470 65
