2828 5002
686 365 703 428 1

141 579 190 625 rus
216 558 466 642 quaestionibus
495 557 720 624 observandae
743 565 832 636 sunt,
866 578 976 624 omnes
1000 558 1129 643 respici.
1175 559 1255 625 Mihi
1332 568 1335 573 '

141 685 191 730 rae
217 664 506 731 commentationes
531 665 750 730 innotuerunt:
1005 728 1009 737 ,

196 775 235 838 R.
256 771 530 837 Bouterneck:
554 771 617 837 Die
631 770 854 854 griechischen
868 772 1000 837 Wdrter
1014 771 1066 837 hei
1079 770 1255 838 Lucilius

140 879 256 945 Philol.
281 879 420 960 XXXII,
444 899 476 964 p·
502 878 701 962 691-691].
1247 944 1251 951 .

196 984 397 1051 Samland:
430 986 481 1050 De
509 984 676 1051 vocabulis
705 985 841 1052 Graecis
874 985 962 1071 apud
991 984 1166 1070 scriptores
1193 987 1254 1050 Ro·

140 1113 254 1159 nanos.
288 1093 339 1157 De
365 1091 568 1158 Ciceronis
591 1092 724 1157 vocibus
744 1091 888 1158 Graecis.
924 1091 1132 1160 Neustadtin
1149 1091 1252 1158 West-

139 1219 285 1266 creussen
312 1201 407 1267 1862.

194 1310 234 1372 Α.
260 1307 432 1372 Stinner:
466 1308 517 1371 De
540 1325 589 1392 1ο,
612 1326 675 1389 quo
700 1305 835 1372 Cicero
860 1305 892 1369 in
917 1304 1066 1390 epistulis
1089 1325 1167 1373 usus
1191 1313 1251 1384 est,

142 1432 287 1480 ermone.
335 1414 447 1496 Progr.
472 1412 600 1498 Oppeln
626 1416 722 1497 1849,
749 1415 845 1490 1854,
872 1414 968 1493 1864,
995 1414 1090 1479 1819.

193 1522 231 1587 R.
265 1519 530 1584 Boltzenthalz
567 1519 618 1584 De
651 1518 769 1585 Graeci
802 1520 958 1584 sermonis
991 1519 1252 1604 proprietatibus,

139 1646 212 1711 [uae
227 1626 260 1691 in
276 1626 480 1692 Ciceronis
496 1625 644 1711 epistulis
654 1625 866 1692 inveniuntur.
890 1626 1002 1709 Progr.
1013 1624 1141 1690 Clistrin
1153 1627 1250 1693 1884.

192 1734 223 1798 J.
250 1733 387 1799 Ferre:
420 1734 471 1798 De
494 1731 633 1798 Ouidio
659 1738 813 1798 novatore
840 1732 1069 1799 vocabulorum
1096 1732 1129 1797 in
1152 1737 1252 1798 meta·

138 1840 340 1926 norphoseon
365 1840 465 1906 libris.
511 1840 647 1905 Parisiis
674 1843 770 1925 1885,
793 1860 823 1924 p.
848 1842 990 1906 32-51.

191 1947 229 2013 Ε.
255 1947 385 2014 Linse:
420 1948 471 2013 De
494 1946 635 2013 Ouidio
658 1947 891 2013 vocabulorum
912 1945 1088 2011 inventore.
1136 1946 1249 2029 Progr.

138 2054 320 2119 l'rcmoniae
346 2057 442 2120 1891.
491 2053 581 2138 [Cap.
606 2055 635 2119 I:
660 2053 830 2119 Vocabula
854 2051 1055 2118 Graecanica
1078 2051 1121 2117 ad
1144 2072 1249 2118 rerum

137 2180 247 2240 :enera
271 2160 440 2246 disposita.
487 2163 521 2242 a)
545 2161 653 2229 Subst.
677 2162 709 2239 h)
734 2159 853 2227 adiect.
877 2169 1012 2243 110010.
1036 2159 1189 2245 propria].

189 2267 228 2334 E.
254 2267 458 2352 Stephani:
481 2268 533 2332 De
547 2267 728 2334 Martiale
742 2268 910 2333 verborum
927 2274 1090 2333 novatore.
1125 2264 1248 2331 1111111-

137 2374 231 2441 aviae
257 2377 352 2443 1889.
399 2374 488 2460 [Cap.
512 2376 537 2454 Ι,
561 2397 592 2460 p.
618 2378 638 2441 6
662 2396 744 2458 sqq.:
770 2374 938 2440 Vocabula
962 2373 1108 2456 Graeca]

191 2480 231 2548 G.
263 2482 300 2547 A.
336 2480 529 2548 Saalfeld:
568 2483 617 2546 De
651 2481 820 2546 bibliorum
854 2480 1050 2544 Graecorum
1084 2497 1247 2544 sacrorum

137 2588 316 2670 lnlgatae
340 2589 491 2654 editionis
515 2589 710 2655 Graecitate.
748 2585 982 2671 Quedlinhurgi
1006 2589 1101 2670 1891,
1126 2586 1158 2650 in
1183 2603 1246 2668 quo
1277 2620 1281 2627 -

136 2695 203 2759 ibro
228 2695 348 2760 eximia
370 2695 430 2760 viri
454 2694 540 2760 docti
564 2695 735 2777 diligentia
757 2693 925 2759 laudanda
948 2699 1008 2761 est.

190 2802 242 2866 De
264 2820 326 2866 usu
349 2821 462 2866 vocum
483 2802 682 2867 Graecarum
707 2801 793 2887 apud
818 2801 965 2884 singulos
990 2800 1163 2886 scriptores
1186 2799 1247 2864 La-

136 2908 207 2974 1001
231 2907 329 2973 etiam
368 2909 578 2974 occasione
612 2908 705 2975 data
738 2916 874 2991 egerunt
905 2907 966 2973 viri
995 2907 1095 2984 docti,
1130 2906 1183 2989 qui
1213 2905 1246 2970 in

136 3034 231 3080 torum
269 3016 446 3081 orationem
485 3016 638 3081 omnino
675 3016 924 3099 inquisiverunt;
962 3021 1092 3081 exstant
1124 3018 1244 3090 autem,

136 3129 274 3204 uantum
298 3122 376 3207 scio,
401 3122 482 3188 haec
506 3123 664 3189 eiusmodi
688 3123 824 3208 scripta:

186 3228 225 3294 Α.
249 3228 415 3294 Goerke:
446 3229 601 3315 Symbola
628 3230 672 3295 ad
699 3228 860 3296 vocabula
888 3230 1016 3294 Graeca
1043 3227 1076 3292 in
1099 3226 1244 3311 linguam

135 3333 270 3398 ‚atinam
294 3342 426 3421 recepta
451 3337 515 3421 [ap.
540 3337 739 3421 Plautum].
774 3336 956 3419 Regimonti
981 3336 1032 3401 Pr.
1058 3336 1152 3402 1868.

184 3460 215 3509 v.
239 3441 432 3526 Bagnato:
463 3444 627 3510 Plautus
655 3444 688 3508 in
712 3443 835 3510 seinem
859 3441 1045 3508 Verhhltnis
1069 3462 1108 3507 zu
1131 3442 1243 3507 seinen

135 3546 344 3623 :riechischen
376 3549 575 3633 Originalen.
630 3552 816 3634 Programm
850 3549 909 3616 des
942 3549 1171 3634 Gymnasiums
1204 3568 1242 3614 au

134 3653 266 3737 thingen
293 3659 390 3724 1878.

183 3760 225 3825 Μ.
252 3760 417 3832 Sander:
443 3765 509 3829 1111
523 3763 813 3849 Sprachgehrauch
829 3764 888 3831 des
903 3764 1069 3830 Rhetors
1082 3762 1241 3829 Seneca.

134 3866 236 3934 Varen
265 3871 493 3937 istu-1880.

183 3974 222 4042 0.
246 3975 513 4061 Rauschning:
547 3978 598 4043 De
629 3977 806 4045 Latinitate
838 3978 874 4042 L.
907 3977 1035 4044 Annaei
1068 3978 1241 4044 Senecae

140 4080 354 4167 hilosophi.
401 4083 583 4166 Regimonti
608 4085 799 4150 Prussorum
826 4088 922 4153 1816.

178 4191 217 4255 L.
253 4189 386 4255 Kiaer:
429 4190 614 4256 Sermonem
647 4190 941 4256 Iuvenalianum
978 4193 1076 4258 certis
1113 4192 1239 4274 legibus

134 4296 307 4363 dstrictum
346 4315 430 4364 esse.
488 4298 636 4363 Hauniae
683 4299 770 4365 1875
818 4298 880 4382 [De
924 4299 1058 4365 vocibus
1105 4298 1239 4365 Graecis

133 4454 139 4469 .
165 4407 233 4473 227
260 4404 330 4487 sq.].
