2828 5002
792 355 833 419 10

317 546 353 634 b)
379 548 546 614 Vocabula
565 548 701 632 Graeca,
725 568 809 631 quae
833 568 877 614 ex
901 548 1049 613 litteris
1072 548 1239 615 Graecis
1263 549 1296 614 in
1313 548 1359 612 La·

249 657 336 720 tinas
359 655 509 721 abierunt
932 725 936 728 ,

538 749 570 820 α)
595 764 661 828 per
684 742 856 809 homines
880 742 1090 828 litteratos,

539 853 569 934 β)
593 871 660 935 per
683 857 822 936 poetas
844 850 1020 933 Latinos,

165 954 176 974 ⁶
250 958 304 1041 qui
329 973 487 1042 persaepe
510 957 542 1021 in
572 959 668 1023 rebus
697 977 736 1023 ex
761 957 879 1022 sabulis
909 957 1045 1023 Graecis
1074 958 1212 1042 sumptis
1242 976 1360 1043 operan

249 1074 282 1130 et
305 1065 447 1130 studium
471 1063 721 1131 collocaverunt.

317 1173 356 1251 c).
383 1171 484 1236 Multa
516 1171 675 1236 vocabula
710 1171 838 1237 Graeca
872 1171 905 1235 in
937 1171 1081 1254 linguam
1113 1170 1266 1236 Latinam
1302 1190 1360 1256 per·

248 1283 404 1347 venerunt

290 1399 293 1403 ’
334 1405 378 1450 ex
402 1383 649 1466 elegantiore
673 1404 848 1450 sermone
871 1384 1061 1449 hominum
1085 1383 1284 1450 doctorum

676 1482 942 1565 Romanorum,

248 1588 303 1671 qui
326 1587 457 1654 saeculo
481 1609 511 1654 a.
532 1587 605 1654 Chr.
624 1610 655 1653 n.
680 1589 783 1653 altero
808 1596 840 1653 ct
862 1587 966 1673 primo
990 1595 1046 1652 aut
1070 1587 1199 1652 omnino
1224 1605 1362 1654 sermone

248 1694 374 1759 Graeco
398 1694 444 1759 uti
468 1700 524 1759 aut
547 1714 652 1760 voces·
668 1694 813 1760 Graecas
837 1695 976 1760 sermoni
1000 1695 1104 1778 patrio
1126 1695 1270 1760 inserere
1290 1693 1361 1758 soie·

247 1801 335 1876 bant,
361 1799 412 1864 es..
439 1800 475 1867 G.
490 1799 695 1884 Bernhardy:
720 1799 896 1866 Grundriss
920 1800 978 1865 der
997 1800 1178 1866 romischen
1192 1801 1362 1866 Litteratur

246 1911 278 1974 ὁ.
294 1907 456 1972 Bearbeit.
485 1907 740 1989 Braunsehweig
757 1909 852 1988 1872,
867 1928 899 1991 p.
915 1910 974 1974 bi:
1002 1908 1101 1973 »Das
1121 1906 1362 1990 griechische

245 2013 351 2079 Wort
384 2034 452 2078 war
481 2014 533 2079 ein
557 2014 660 2078 seines
683 2013 785 2097 Korn,
818 2012 960 2078 welches
988 2012 1051 2079 die
1078 2013 1361 2080 Konversation

247 2119 314 2187 der
346 2119 578 2186 Gebildeten
611 2127 741 2185 wtirnte.
798 2120 871 2185 Man
905 2120 1042 2185 braucht
1073 2119 1195 2186 hierfttr
1226 2141 1287 2186 nur
1315 2118 1361 2184 die

247 2227 396 2293 Graeca
420 2229 472 2292 bei
496 2228 638 2291 Sueton
663 2247 700 2291 au
725 2233 897 2291 mustern.‹

314 2334 347 2415 d)
376 2335 546 2418 Perpauca
574 2332 734 2398 voeabula
758 2332 885 2399 Graeca
913 2333 1087 2419 scriptores
1109 2333 1219 2399 Latini
1244 2333 1287 2400 ad
1313 2354 1362 2400 cx·

247 2441 386 2526 emplum
410 2460 523 2505 vocum
548 2439 744 2505 Graecarum
768 2439 919 2505 videntur

633 2546 710 2630 ipsi
734 2545 980 2626 formavisse,

245 2635 304 2702 sed
329 2635 366 2702 ef.
391 2635 469 2719 Cap.
493 2636 533 2718 Ii,
550 2634 582 2701 O.

245 2821 287 2881 11.
321 2820 424 2892 Quae
453 2831 516 2875 res
544 2819 587 2875 iu
615 2819 853 2878 vocabulis
878 2820 1061 2877 Graecis
1086 2821 1363 2889 singulorum

321 2918 596 2986 scriptorum
626 2918 880 2975 Latinorum
910 2918 1160 2976 tractandis
1185 2927 1364 2989 spectan-

752 3015 824 3073 dae
848 3017 932 3072 sint.

311 3131 426 3196 Totius
463 3131 562 3213 igitur
604 3133 818 3217 quaestionis,
860 3152 944 3216 quae
983 3131 1025 3198 de
1065 3133 1161 3198 unius
1199 3133 1365 3200 cuiusdam

244 3237 411 3322 scriptoris
435 3237 542 3302 Latini
566 3239 700 3305 vocibus
725 3239 859 3305 Graecis
882 3239 1069 3317 instituitur,
1099 3239 1137 3303 id
1161 3239 1365 3305 maximum

244 3350 308 3423 est,
339 3345 533 3428 ntprimum
558 3353 701 3425 eruatur,
736 3347 787 3411 cui
811 3365 979 3429 generum,
1014 3346 1046 3410 in
1071 3365 1156 3429 quae
1180 3348 1289 3411 omnia
1312 3366 1364 3411 vo-

243 3451 360 3516 cabula
384 3451 510 3517 Graeca
533 3452 566 3517 in
589 3452 734 3536 linguam
757 3453 905 3517 Latinam
929 3453 1088 3520 translata
1115 3453 1255 3538 partitus
1288 3473 1365 3537 sum,

244 3576 393 3641 quaeque
417 3577 480 3622 vox
505 3559 632 3624 Graeca
656 3559 871 3624 adscribenda
895 3560 947 3638 sit,
971 3560 1004 3623 id
1030 3566 1079 3625 est

336 3668 363 3730 1.
393 3666 492 3730 unde
517 3666 685 3750 scriptor
712 3665 877 3731 Latinus
906 3666 1098 3731 vocabula
1127 3667 1276 3733 Graeca

651 3762 945 3848 deprompserit.

243 3866 370 3960 Deinde
393 3866 598 3958 statuendum
623 3875 681 3951 est,

332 3978 361 4041 2.
394 3974 494 4056 quod
523 3974 726 4039 consilium
755 3974 789 4041 is
817 3976 854 4040 in
882 3976 1083 4042 vocabulis
1113 3977 1275 4043 Graecis

571 4072 806 4156 usurpandis
831 4083 1034 4159 sequatur,

241 4177 262 4245 i.
289 4198 317 4242 e.
348 4184 451 4241 utrum
480 4175 592 4240 dedita
621 4197 720 4262 opera
749 4187 781 4245 et
809 4179 852 4244 ad
886 4188 991 4246 certos
1024 4181 1122 4246 animi
1149 4188 1256 4246 motus
1290 4202 1363 4246 con·

242 4282 390 4348 citandos
412 4282 583 4350 vocabulis
607 4285 742 4351 Graecis
762 4307 840 4353 usus
860 4288 910 4362 sit,
934 4287 967 4350 id
988 4287 1074 4371 quod
1093 4293 1211 4372 poetae
1230 4289 1361 4372 potissi·

241 4409 327 4453 mum
351 4387 483 4472 faciunt,
508 4410 617 4457 necne.
