2828 5002
701 318 722 380 4
791 264 796 273 .

146 512 430 596 ltalograeous.
477 508 569 575 Wien
595 511 690 578 1884.
736 509 772 574 ln
795 507 847 574 bis
870 507 1197 574 commentationibus
1219 527 1261 574 ro

148 618 269 687 cabula
283 617 411 684 Graeca
423 617 602 682 litterarum
626 613 739 682 ordine
754 613 891 698 digessit
913 648 959 663 -
982 614 1014 678 in
1038 614 1146 680 altera
1160 634 1261 681 secur

147 725 224 792 dum
248 744 353 791 rerum
377 743 499 808 genera
521 730 634 806 -et,
662 721 750 807 apud
781 741 876 805 quem
903 722 1092 807 scriptorem
1122 720 1263 788 Latinus
1299 756 1310 797 u

147 830 299 916 quodque
334 831 526 897 vocabulum
569 830 729 897 Graecum
771 829 907 913 primum
947 830 1085 912 legatur,
1129 827 1264 905 additia
1302 863 1310 924 p

39 957 42 963 ’
147 959 281 1024 qnorum
314 938 454 1003 virorum
483 935 650 1002 doctorum
678 935 870 1002 auctoritate
897 942 1061 1021 permotus
1089 954 1206 1003 vocem
1235 953 1265 1002 eo

150 1067 214 1130 quo
238 1045 315 1112 iecit
338 1043 433 1109 modo
457 1063 531 1111 esse
554 1043 714 1110 Graecam
739 1043 981 1123 censueritis
1005 1040 1266 1108 adnotationibus
1304 1055 1310 1119 ξ

147 1153 268 1222 attulit.
306 1150 431 1217 Ceteris
451 1148 622 1216 Saalieldii
643 1150 896 1234 quaestionibus,
922 1167 1005 1232 quae
1023 1147 1057 1212 in
1071 1147 1134 1214 hoo
1154 1168 1267 1233 genere
1306 1183 1310 1225 r

147 1265 328 1337 versantur,
348 1257 573 1323 'l'ensanrus
592 1257 865 1339 ltalograecus
881 1256 984 1340 primo
1006 1253 1168 1340 adspectu
1188 1255 1266 1322 vida·
1308 1274 1311 1330 i

148 1374 200 1432 tur
231 1365 421 1450 locupletior
450 1383 538 1440 esse;
571 1362 629 1429 sed
658 1362 686 1428 si
715 1363 928 1428 accuratius
920 1362 1115 1446 inspexeris,
1147 1360 1268 1429 videbis

148 1472 247 1552 locos,
281 1471 398 1556 quibus
426 1469 479 1536 blo
507 1469 589 1536 liber
622 1476 671 1536 est
704 1469 881 1554 copiosior,
919 1488 1030 1534 omnes
1063 1465 1268 1554 depromptus

148 1599 222 1647 esse
255 1599 296 1644 ex
323 1576 494 1661 Georgesii
528 1575 648 1642 Lexico
681 1575 808 1655 Latlno,
841 1595 905 1642 non
938 1595 979 1641 ex
1011 1574 1115 1660 ipsius
1146 1575 1267 1641 studiis.

149 1685 285 1752 Omnino
310 1681 483 1750 Scalleldii
502 1683 789 1748 commentationes
813 1687 1043 1768 praeteream,
1067 1700 1167 1764 quam
1190 1679 1268 1746 inira

148 1791 287 1858 breuiter
314 1791 486 1874 ottingam,
521 1796 632 1856 carent
660 1809 701 1856 ea
732 1809 797 1872 qua
829 1789 862 1853 in
890 1787 1049 1854 eiusmodi
1076 1788 1170 1854 libris
1199 1807 1268 1854 con·

148 1897 296 1965 liciendis
333 1916 414 1982 opus
457 1903 507 1962 est
547 1894 733 1980 diligentia3
779 1895 846 1960 alia
878 1894 1118 1974 desiderantur,
1157 1895 1269 1978 quibus

149 2005 278 2071 omissis
303 2002 344 2069 de
368 2011 438 2070 tota
460 2023 495 2069 re
513 2010 602 2071 recte
620 2001 765 2068 indicare
784 2020 849 2067 non
866 2021 1047 2087 possumus,
1073 2002 1141 2067 alia
1166 2001 1269 2086 negle-

151 2117 263 2195 genter
292 2118 324 2175 et
351 2130 452 2196 prave
480 2110 632 2195 exposita
654 2109 769 2188 sunt.¹)

215 2217 276 2284 llio
300 2216 472 2283 Saalleldii
495 2214 608 2282 Indice
631 2216 789 2300 impulsus
813 2215 1025 2283 Beermann
1046 2233 1155 2298 pauca
1174 2215 1269 2300 scrip·

150 2326 206 2410 sit,
238 2344 323 2409 quoe
352 2323 394 2390 ad
423 2323 506 2390 bano
538 2342 604 2389 rem
636 2323 813 2407 pertinent,
847 2323 880 2387 in
913 2322 1009 2406 libro,
1043 2322 1097 2404 qui
1130 2321 1271 2388 inscribi·

150 2441 215 2500 tur:
240 2429 681 2517 Spracbwissenscbaitliche
696 2428 965 2512 Abbandlungen,
985 2429 1271 2512 hervorgegongen

152 2559 212 2606 aus
237 2538 347 2620 Georg
371 2536 509 2604 Curtius'
534 2535 800 2620 grammatisober
824 2533 1043 2602 Gesellscbalt
1067 2554 1106 2600 zu
1129 2536 1270 2621 Leipzig.

151 2644 285 2731 Leipzig
301 2646 398 2721 1874,
423 2664 454 2728 p.
475 2645 643 2709 97-110:
671 2641 945 2709 ›Grieobisobe
966 2642 1114 2707 Wbrter
1136 2642 1187 2707 im
1206 2642 1272 2707 La·

150 2749 386 2834 teiniscben,
402 2769 465 2815 von
479 2748 720 2816 Beermano.‹
746 2746 833 2826 Quid
843 2768 884 2815 ex
895 2747 1065 2814 Saalieldii
1077 2747 1272 2816 collectioni·

152 2858 212 2925 bus
236 2855 375 2925 subsidii
398 2855 441 2923 ad
463 2855 721 2940 cognoscendam
741 2863 773 2921 et
788 2855 994 2921 vetustiorem
1010 2855 1123 2940 populi
1136 2854 1272 2922 Romani

152 2963 321 3030 historiam
345 2969 379 3028 et
399 2963 500 3028 vitam
523 2960 720 3029 cotidianam
744 2961 893 3029 concludi
915 2961 1029 3047 possit,
1057 2961 1182 3047 primus
1207 2964 1272 3028 bre

151 3069 247 3135 vibus
271 3068 422 3149 ostendit,
448 3088 518 3135 cnm
545 3089 585 3137 ea
608 3069 768 3134 vocabula
792 3069 932 3152 Graeca,
956 3088 1040 3151 quae
1063 3087 1124 3134 usn
1147 3067 1273 3153 vulgari

151 3183 306 3261 percepta
330 3183 418 3260 sunt,
442 3176 490 3242 ita
513 3173 714 3260 disponeret,
740 3182 864 3241 utrem
888 3174 1047 3258 navalem,
1077 3173 1273 3242 aedificandi
1312 3172 1314 3191 '

151 3289 263 3361 artem,
287 3301 340 3348 res
358 3280 565 3366 domesticas,
591 3282 730 3348 culinam
754 3289 787 3349 et
811 3281 986 3360 cellarium,
1012 3281 1171 3365 vestitum,
1196 3282 1274 3348 scri·

151 3387 249 3455 bendi
281 3396 396 3466 artem,
435 3407 602 3455 mensuras
631 3395 663 3453 et
691 3387 850 3472 pondera,
883 3407 988 3471 arma,
1021 3385 1202 3452 doctrinam
1235 3386 1275 3451 de

151 3514 255 3559 rerum
279 3499 404 3574 natura,
430 3501 517 3562 artes
542 3496 692 3561 liberales
720 3501 891 3580 spectaret.

220 3599 333 3684 Longe
357 3601 451 3666 aliter
475 3621 513 3667 ac
537 3601 739 3686 Beermnnni‚
764 3601 819 3684 qui
839 3601 941 3667 solnm
960 3599 1055 3664 buius
1075 3599 1276 3681 quaestionis

152 3706 287 3774 formam
316 3727 356 3774 ac
386 3709 528 3793 speciem
556 3707 774 3782 adumbravit,
803 3708 950 3773 instituta
974 3712 1024 3771 est
1047 3707 1276 3772 commentatio

151 3815 189 3883 N.
212 3814 241 3880 J.
266 3813 595 3880 Tuobhaandleri:
630 3813 684 3878 De
712 3812 915 3879 vocabulis
943 3812 1107 3878 Graecis
1136 3812 1174 3877 in
1204 3813 1274 3878 lin·

152 3941 262 4006 guam
286 3921 462 3986 [latinam
487 3918 706 3986 translatis.
745 3918 886 3985 Beroiini
913 3921 1008 4002 1876,
1032 3918 1066 3982 in
1090 3939 1155 4001 qua
1178 3939 1277 3985 voces

152 4027 312 4111 Graecae,
356 4047 440 4109 quae
477 4046 578 4109 usque
619 4025 663 4089 ad
702 4026 844 4091 Lucilii
883 4033 1024 4092 aetatem
1061 4025 1094 4089 in
1131 4024 1276 4109 linguam

225 4186 246 4253 ¹)
266 4186 307 4241 Cf.
327 4203 399 4254 quae
423 4184 698 4250 Tuchhaendler‚
727 4184 768 4240 De
792 4186 935 4242 vocabulis
957 4185 1068 4241 Graecis
1093 4185 1123 4237 in
1148 4185 1278 4256 linguam

152 4277 283 4331 Latinam
301 4275 456 4330 translatis.
494 4274 619 4329 Beroiini
636 4275 713 4341 1876,
733 4276 821 4346 praei.
841 4277 900 4345 p.3
920 4278 946 4330 et
966 4275 983 4328 4
1003 4273 1155 4330 Saalfeldio
1176 4294 1278 4346 oppro-

151 4365 212 4421 brio
232 4366 290 4421 dat.
