2828 5002
693 388 738 456 50

159 582 337 670 probandus
359 592 411 651 est
426 582 645 671 appetitus,
672 591 708 651 ut
729 585 818 671 apud
842 572 964 652 iuven.¹
988 581 1180 670 Quaeritur,
1213 604 1256 668 qm

158 689 200 758 de
223 710 324 758 causa
345 698 445 778 poeta
466 690 624 759 vocabulo
647 691 773 758 Gracco
798 693 926 758 orexis
949 711 1027 758 usus
1052 691 1109 774 sit,
1139 712 1209 757 cum
1229 691 1256 754 ai

157 796 243 865 banc
268 798 431 866 notionem
459 796 698 885 exprimendam
730 798 794 865 iam
824 799 899 866 Cic.
928 797 969 865 de
1002 797 1054 864 off.
1082 799 1107 883 Ι,
1133 800 1256 880 30,105

156 926 286 973 vocem
313 926 403 974 vere
429 906 610 972 Latinam
637 907 837 992 appetitus
866 906 1081 990 usurpaverit.
1130 904 1190 983 Qui
1212 905 1256 970 hos

157 1012 239 1082 duos
266 1033 381 1080 versus
409 1012 580 1098 diligenter
608 1013 829 1099 perpenderit,
863 1020 949 1079 certe
972 1013 1044 1079 sibi
1074 1012 1255 1098 persuaserit

155 1121 346 1188 vocabulum
374 1119 533 1187 Graecum
566 1121 695 1188 orexis
727 1122 767 1186 ob
800 1119 921 1186 nullam
954 1136 1087 1186 causam
1115 1119 1209 1185 aliam
1230 1120 1251 1183 in

157 1237 289 1299 saturas
311 1234 475 1314 receptum
499 1246 585 1307 esse,
614 1227 677 1294 nisi
700 1226 786 1312 quod
809 1226 851 1294 ad
877 1227 1065 1294 aviditatem
1089 1227 1250 1312 cibiappc

155 1333 244 1404 tendi
272 1334 520 1420 significandam
548 1334 605 1400 illa
633 1341 742 1401 aetate
773 1354 948 1401 sermono
976 1332 1176 1400 cotidiano
1201 1332 1247 1399 tri·

155 1449 331 1511 temerat.
389 1468 392 1475 ·

473 1566 702 1635 schoenobates
725 1566 953 1656 [σχοινοβάτηςΙ

221 1693 277 1781 ΙΙΙ,
293 1696 350 1763 ii:
385 1693 517 1777 »Augur
540 1692 823 1760 schoenobates
846 1692 991 1759 medicus
1014 1712 1141 1779 magus,
1164 1689 1245 1759 omnia

1059 1800 1150 1867 novit

380 1870 558 1939 Graeculus
582 1872 754 1939 esuriens«

221 1978 345 2046 Schol.
371 1977 413 2044 ad
437 1978 466 2047 h.
490 1978 527 2047 l.:
554 1978 883 2047 ›Schoenobatess
908 1978 1140 2048 funambulus«

221 2085 347 2155 Gloss.
364 2085 616 2155 Graeco-Lat.
632 2086 679 2170 [Ο.
695 2086 746 2156 Gl.
761 2087 797 2154 L.
813 2085 854 2168 II,
868 2106 901 2172 p.
917 2090 992 2168 450,
1011 2088 1090 2178 lile
1108 2087 1243 2175 »Σχοινο-

154 2196 265 2282 βάτης
287 2193 519 2275 funambulus«

130 2359 134 2370 ,
512 2289 554 2366 In
577 2300 722 2368 litteris
746 2301 909 2368 Graecis

152 2409 343 2476 vccabulum
359 2411 601 2498 σχοινοβάτης
617 2407 735 2492 legitur
749 2407 836 2495 apud
852 2409 1134 2479 solumMancth.
1145 2405 1244 2495 lvcis

153 2514 195 2583 de
218 2515 417 2600 funambulo,
449 2536 513 2581 vox
539 2518 800 2605 σχοινοβατική
829 2537 988 2601 nusquam
1011 2517 1074 2585 nisi
1097 2518 1130 2583 in
1153 2511 1244 2584 schol.

153 2621 196 2688 ad
209 2624 368 2710 Dionys.
389 2623 474 2690 Thr.
489 2623 522 2687 in
537 2623 640 2691 Bekk.
654 2622 775 2692 Anecd.
792 2623 847 2693 Gr.
862 2624 902 2709 11,
916 2644 948 2710 p.
965 2627 1041 2705 652,
1056 2628 1091 2694 7:
1117 2624 1245 2692 >Macco

151 2735 261 2819 τεχνὶα,
285 2728 305 2818 ἡ
329 2732 605 2817 excruciabat,
628 2729 720 2816 ἤγουν
744 2729 760 2794 ὁ
784 2730 816 2798 ἐν
837 2742 875 2818 τῇ
899 2733 1010 2819 σχοίνῳ
1033 2723 1215 2819 captasses«

516 2855 558 2919 In
580 2853 729 2921 litteris
753 2855 907 2924 Latinis

152 2982 264 3028 voccm
288 2961 575 3029 schoenobates
598 2961 742 3046 primus
767 2963 897 3030 exbibet
919 2964 1128 3034 Iuvenalis.
1165 2955 1245 3049 lictori

151 3067 213 3135 loci
239 3075 313 3136 sunt

219 3175 402 3262 Porphyr.
436 3175 479 3240 ad
512 3177 598 3242 Hor.
628 3184 687 3245 sat.
712 3177 736 3262 Ι,
762 3180 812 3261 10,
835 3181 893 3245 28:
930 3178 1071 3245 »Pedius
1103 3171 1248 3265 Puplicolt

151 3290 185 3349 ct
222 3282 366 3349 Messala
402 3282 486 3350 adeo
529 3303 661 3350 curasse
698 3283 858 3369 dicuntur,
901 3304 941 3350 nc
982 3284 1110 3353 Graeca
1147 3279 1248 3352 Latinis

150 3389 256 3457 verbis
271 3390 499 3476 immiscerent,
523 3381 558 3456 ut
572 3391 715 3458 Messala
728 3393 849 3477 primus
869 3390 1130 3459 funambulum
1145 3387 1248 3462 dixerit,

151 3517 191 3563 uc
215 3501 456 3587 σχοινοβάτης
480 3497 632 3568 diceret«

217 3603 392 3672 Cassian.
418 3604 488 3672 coll.
512 3605 632 3691 XXlIl,
658 3610 687 3685 9,
713 3613 745 3672 l:
783 3608 900 3674 »Recte
923 3607 1021 3690 igitur
1043 3615 1187 3692 sanctos,
1212 3597 1250 3689 qli

150 3712 334 3778 memoriam
370 3713 422 3780 dei
455 3713 616 3780 stabiliter
644 3713 819 3781 retinentes
847 3716 941 3799 quasi
972 3735 1031 3800 pcr
1062 3710 1250 3782 extentasin

150 3818 286 3886 sublime
322 3820 427 3887 lineas
464 3841 622 3906 suspenso
661 3821 816 3900 feruntur,
854 3805 1152 3902 schoenobatis,
1189 3831 1250 3906 quos

149 3926 246 4010 vulgo
283 3925 532 3994 funambulos
568 3935 700 4006 vocant,
747 3929 882 3996 dixerim
920 3929 1170 4016 comparandos,
1211 3917 1250 4010 qui

149 4053 305 4099 summam
343 4055 422 4102 suae
460 4036 575 4103 salutis
612 4057 652 4103 ac
688 4036 776 4103 vitae
807 4038 840 4102 in
874 4037 1105 4122 angustissimo
1138 4025 1249 4104 funiculi

149 4140 235 4207 illius
259 4143 386 4209 tramite
411 4143 617 4210 conlocantes
643 4144 878 4211 atrocissimam
907 4164 943 4211 se
965 4151 1100 4212 mortem
1123 4143 1249 4232 protinus

117 4300 119 4304 ,
149 4245 332 4315 incursuros
360 4269 433 4316 esse
461 4270 524 4315 non
553 4250 732 4337 ambigunt,
765 4253 794 4319 si
820 4250 887 4319 vel'
903 4252 1022 4336 exigua
1055 4272 1134 4338 pars
1161 4258 1248 4317 eoroffl

150 4353 342 4422 titubatione
366 4354 546 4424 deviaverit
568 4366 625 4424 aut
647 4359 777 4424 modum
802 4358 889 4426 illius
908 4358 1062 4426 salutaris
1081 4348 1248 4425 directiouit

148 4463 353 4531 excesserit«
