<?xml version="1.0" encoding="UTF-8"?>
<!DOCTYPE html PUBLIC "-//W3C//DTD XHTML 1.0 Transitional//EN"
    "http://www.w3.org/TR/xhtml1/DTD/xhtml1-transitional.dtd">
<html xmlns="http://www.w3.org/1999/xhtml" xml:lang="en" lang="en">
 <head>
  <title>
</title>
<meta http-equiv="Content-Type" content="text/html;charset=utf-8" />
  <meta name='ocr-system' content='tesseract 3.04.00' />
  <meta name='ocr-capabilities' content='ocr_page ocr_carea ocr_par ocr_line ocrx_word'/>
</head>
<body>
  <div class='ocr_page' id='page_1' title='image "./iuvenalisgraeci00thiegoog_0101.png"; bbox 0 0 2828 5002; ppageno 0'>
   <div class='ocr_carea' id='block_1_1' title="bbox 702 367 745 434">
    <p class='ocr_par' dir='ltr' id='par_1_1' title="bbox 702 367 745 434">
     <span class='ocr_line' id='line_1_1' title="bbox 702 367 745 434; baseline -0.047 0"><span class='ocrx_word' id='word_1_1' title='bbox 702 367 745 434; x_wconf 82' lang='lat'>84</span> 
     </span>
    </p>
   </div>
   <div class='ocr_carea' id='block_1_2' title="bbox 162 558 1264 754">
    <p class='ocr_par' dir='ltr' id='par_1_2' title="bbox 162 558 1264 754">
     <span class='ocr_line' id='line_1_2' title="bbox 162 558 1264 651; baseline -0.003 -22"><span class='ocrx_word' id='word_1_2' title='bbox 162 560 242 631; x_wconf 87' lang='lat' dir='ltr'>BB.</span> <span class='ocrx_word' id='word_1_3' title='bbox 279 561 435 651; x_wconf 79' lang='lat' dir='ltr'>Quibus</span> <span class='ocrx_word' id='word_1_4' title='bbox 473 559 575 630; x_wconf 84' lang='lat' dir='ltr'>locis</span> <span class='ocrx_word' id='word_1_5' title='bbox 611 561 776 630; x_wconf 89' lang='lat' dir='ltr'>nomina</span> <span class='ocrx_word' id='word_1_6' title='bbox 809 560 963 630; x_wconf 81' lang='lat' dir='ltr'>Graeca</span> <span class='ocrx_word' id='word_1_7' title='bbox 996 560 1039 627; x_wconf 90' lang='lat' dir='ltr'>in</span> <span class='ocrx_word' id='word_1_8' title='bbox 1075 558 1264 629; x_wconf 86' lang='lat' dir='ltr'>Iuvenalis</span> 
     </span>
     <span class='ocr_line' id='line_1_3' title="bbox 203 667 1229 754; baseline -0.003 -17"><span class='ocrx_word' id='word_1_9' title='bbox 203 669 354 738; x_wconf 87' lang='lat' dir='ltr'>saturis</span> <span class='ocrx_word' id='word_1_10' title='bbox 378 668 513 738; x_wconf 88' lang='lat' dir='ltr'>dedita</span> <span class='ocrx_word' id='word_1_11' title='bbox 537 686 658 754; x_wconf 89' lang='lat' dir='ltr'>opera</span> <span class='ocrx_word' id='word_1_12' title='bbox 681 667 895 738; x_wconf 84' lang='lat' dir='ltr'>videantur</span> <span class='ocrx_word' id='word_1_13' title='bbox 917 669 1112 752; x_wconf 88' lang='lat' dir='ltr'>usurpata</span> <span class='ocrx_word' id='word_1_14' title='bbox 1137 686 1229 735; x_wconf 86' lang='lat' dir='ltr'>esse.</span> 
     </span>
    </p>
   </div>
   <div class='ocr_carea' id='block_1_3' title="bbox 159 811 1258 1645">
    <p class='ocr_par' dir='ltr' id='par_1_3' title="bbox 159 811 1258 1645">
     <span class='ocr_line' id='line_1_4' title="bbox 230 811 1258 897; baseline -0.006 -18"><span class='ocrx_word' id='word_1_15' title='bbox 230 813 468 897; x_wconf 83' lang='lat' dir='ltr'>Saepenumero</span> <span class='ocrx_word' id='word_1_16' title='bbox 492 833 545 880; x_wconf 90' lang='lat' dir='ltr'>res</span> <span class='ocrx_word' id='word_1_17' title='bbox 567 812 615 878; x_wconf 89' lang='lat' dir='ltr'>ita</span> <span class='ocrx_word' id='word_1_18' title='bbox 638 812 785 878; x_wconf 88' lang='lat' dir='ltr'>instituta</span> <span class='ocrx_word' id='word_1_19' title='bbox 809 820 869 895; x_wconf 89' lang='lat' dir='ltr'>est,</span> <span class='ocrx_word' id='word_1_20' title='bbox 892 818 927 876; x_wconf 93' lang='lat' dir='ltr'>nt</span> <span class='ocrx_word' id='word_1_21' title='bbox 949 831 1012 877; x_wconf 93' lang='lat' dir='ltr'>non</span> <span class='ocrx_word' id='word_1_22' title='bbox 1031 811 1192 897; x_wconf 89' lang='lat' dir='ltr'>possimus</span> <span class='ocrx_word' id='word_1_23' title='bbox 1212 831 1258 874; x_wconf 91' lang='lat' dir='ltr'>non</span> 
     </span>
     <span class='ocr_line' id='line_1_5' title="bbox 162 917 1258 1005; baseline -0.004 -20"><span class='ocrx_word' id='word_1_24' title='bbox 162 919 341 986; x_wconf 79' lang='lat' dir='ltr'>concedere</span> <span class='ocrx_word' id='word_1_25' title='bbox 374 921 415 986; x_wconf 91' lang='lat' dir='ltr'>ab</span> <span class='ocrx_word' id='word_1_26' title='bbox 447 919 602 985; x_wconf 89' lang='lat' dir='ltr'>Iuvenale</span> <span class='ocrx_word' id='word_1_27' title='bbox 636 919 765 984; x_wconf 91' lang='lat' dir='ltr'>nomina</span> <span class='ocrx_word' id='word_1_28' title='bbox 793 917 920 984; x_wconf 90' lang='lat' dir='ltr'>Graeca</span> <span class='ocrx_word' id='word_1_29' title='bbox 954 924 985 984; x_wconf 91' lang='lat' dir='ltr'>et</span> <span class='ocrx_word' id='word_1_30' title='bbox 1017 917 1213 1005; x_wconf 88' lang='lat' dir='ltr'>appellativa</span> <span class='ocrx_word' id='word_1_31' title='bbox 1236 923 1258 981; x_wconf 88' lang='lat' dir='ltr'>et</span> 
     </span>
     <span class='ocr_line' id='line_1_6' title="bbox 161 1024 1257 1113; baseline -0.003 -22"><span class='ocrx_word' id='word_1_32' title='bbox 161 1027 293 1113; x_wconf 90' lang='lat' dir='ltr'>propria</span> <span class='ocrx_word' id='word_1_33' title='bbox 317 1025 359 1093; x_wconf 92' lang='lat' dir='ltr'>de</span> <span class='ocrx_word' id='word_1_34' title='bbox 381 1026 541 1092; x_wconf 88' lang='lat' dir='ltr'>industria</span> <span class='ocrx_word' id='word_1_35' title='bbox 563 1026 596 1091; x_wconf 92' lang='lat' dir='ltr'>in</span> <span class='ocrx_word' id='word_1_36' title='bbox 621 1034 750 1093; x_wconf 90' lang='lat' dir='ltr'>saturas</span> <span class='ocrx_word' id='word_1_37' title='bbox 774 1032 906 1112; x_wconf 89' lang='lat' dir='ltr'>recepta</span> <span class='ocrx_word' id='word_1_38' title='bbox 922 1045 1005 1093; x_wconf 89' lang='lat' dir='ltr'>esse.</span> <span class='ocrx_word' id='word_1_39' title='bbox 1044 1024 1088 1090; x_wconf 92' lang='lat' dir='ltr'>Id</span> <span class='ocrx_word' id='word_1_40' title='bbox 1111 1024 1257 1110; x_wconf 87' lang='lat' dir='ltr'>plerum·</span> 
     </span>
     <span class='ocr_line' id='line_1_7' title="bbox 161 1130 1256 1217; baseline -0.005 -19"><span class='ocrx_word' id='word_1_41' title='bbox 161 1153 231 1216; x_wconf 92' lang='lat' dir='ltr'>qne</span> <span class='ocrx_word' id='word_1_42' title='bbox 251 1132 594 1199; x_wconf 83' lang='lat' dir='ltr'>animadvertimus</span> <span class='ocrx_word' id='word_1_43' title='bbox 613 1133 661 1198; x_wconf 90' lang='lat' dir='ltr'>iis</span> <span class='ocrx_word' id='word_1_44' title='bbox 681 1131 792 1217; x_wconf 90' lang='lat' dir='ltr'>locis,</span> <span class='ocrx_word' id='word_1_45' title='bbox 816 1132 957 1215; x_wconf 89' lang='lat' dir='ltr'>quibus</span> <span class='ocrx_word' id='word_1_46' title='bbox 975 1139 1092 1216; x_wconf 90' lang='lat' dir='ltr'>poeta</span> <span class='ocrx_word' id='word_1_47' title='bbox 1112 1152 1177 1217; x_wconf 92' lang='lat' dir='ltr'>per</span> <span class='ocrx_word' id='word_1_48' title='bbox 1192 1130 1256 1194; x_wconf 87' lang='lat' dir='ltr'>irri-</span> 
     </span>
     <span class='ocr_line' id='line_1_8' title="bbox 160 1237 1255 1324; baseline -0.005 -18"><span class='ocrx_word' id='word_1_49' title='bbox 160 1239 306 1306; x_wconf 81' lang='lat' dir='ltr'>sionem</span> <span class='ocrx_word' id='word_1_50' title='bbox 339 1260 382 1305; x_wconf 91' lang='lat' dir='ltr'>ac</span> <span class='ocrx_word' id='word_1_51' title='bbox 413 1239 622 1305; x_wconf 84' lang='lat' dir='ltr'>ludibrium</span> <span class='ocrx_word' id='word_1_52' title='bbox 659 1246 725 1305; x_wconf 89' lang='lat' dir='ltr'>aut</span> <span class='ocrx_word' id='word_1_53' title='bbox 760 1259 826 1324; x_wconf 92' lang='lat' dir='ltr'>per</span> <span class='ocrx_word' id='word_1_54' title='bbox 861 1237 988 1304; x_wconf 92' lang='lat' dir='ltr'>odium</span> <span class='ocrx_word' id='word_1_55' title='bbox 1021 1245 1137 1322; x_wconf 91' lang='lat' dir='ltr'>atque</span> <span class='ocrx_word' id='word_1_56' title='bbox 1169 1257 1255 1303; x_wconf 87' lang='lat' dir='ltr'>acer·</span> 
     </span>
     <span class='ocr_line' id='line_1_9' title="bbox 161 1345 1256 1430; baseline -0.005 -18"><span class='ocrx_word' id='word_1_57' title='bbox 161 1347 320 1413; x_wconf 89' lang='lat' dir='ltr'>bitatem</span> <span class='ocrx_word' id='word_1_58' title='bbox 353 1347 537 1430; x_wconf 89' lang='lat' dir='ltr'>loquitur;</span> <span class='ocrx_word' id='word_1_59' title='bbox 571 1366 755 1430; x_wconf 85' lang='lat' dir='ltr'>nusquam</span> <span class='ocrx_word' id='word_1_60' title='bbox 788 1345 868 1412; x_wconf 85' lang='lat' dir='ltr'>fere</span> <span class='ocrx_word' id='word_1_61' title='bbox 900 1347 1092 1412; x_wconf 87' lang='lat' dir='ltr'>vocabula</span> <span class='ocrx_word' id='word_1_62' title='bbox 1128 1345 1256 1410; x_wconf 86' lang='lat' dir='ltr'>Graeca</span> 
     </span>
     <span class='ocr_line' id='line_1_10' title="bbox 160 1451 1254 1538; baseline -0.005 -20"><span class='ocrx_word' id='word_1_63' title='bbox 160 1453 336 1519; x_wconf 90' lang='lat' dir='ltr'>consulto</span> <span class='ocrx_word' id='word_1_64' title='bbox 356 1460 544 1538; x_wconf 90' lang='lat' dir='ltr'>usurpata</span> <span class='ocrx_word' id='word_1_65' title='bbox 565 1455 649 1520; x_wconf 92' lang='lat' dir='ltr'>sine</span> <span class='ocrx_word' id='word_1_66' title='bbox 667 1453 803 1536; x_wconf 87' lang='lat' dir='ltr'>aliqua</span> <span class='ocrx_word' id='word_1_67' title='bbox 823 1451 1097 1536; x_wconf 85' lang='lat' dir='ltr'>indignatione</span> <span class='ocrx_word' id='word_1_68' title='bbox 1112 1473 1156 1518; x_wconf 89' lang='lat' dir='ltr'>ac</span> <span class='ocrx_word' id='word_1_69' title='bbox 1170 1451 1254 1517; x_wconf 90' lang='lat' dir='ltr'>dica·</span> 
     </span>
     <span class='ocr_line' id='line_1_11' title="bbox 159 1559 1252 1645; baseline -0.008 -19"><span class='ocrx_word' id='word_1_70' title='bbox 159 1561 281 1626; x_wconf 89' lang='lat' dir='ltr'>citate</span> <span class='ocrx_word' id='word_1_71' title='bbox 305 1568 369 1626; x_wconf 90' lang='lat' dir='ltr'>aut</span> <span class='ocrx_word' id='word_1_72' title='bbox 392 1561 475 1627; x_wconf 90' lang='lat' dir='ltr'>sine</span> <span class='ocrx_word' id='word_1_73' title='bbox 499 1561 631 1644; x_wconf 91' lang='lat' dir='ltr'>aliquo</span> <span class='ocrx_word' id='word_1_74' title='bbox 656 1567 874 1645; x_wconf 90' lang='lat' dir='ltr'>contemptu</span> <span class='ocrx_word' id='word_1_75' title='bbox 900 1560 1019 1626; x_wconf 88' lang='lat' dir='ltr'>saturis</span> <span class='ocrx_word' id='word_1_76' title='bbox 1042 1559 1164 1627; x_wconf 89' lang='lat' dir='ltr'>inserta</span> <span class='ocrx_word' id='word_1_77' title='bbox 1190 1563 1252 1625; x_wconf 88' lang='lat' dir='ltr'>sunt.</span> 
     </span>
    </p>
   </div>
   <div class='ocr_carea' id='block_1_4' title="bbox 159 1735 1252 1929">
    <p class='ocr_par' dir='ltr' id='par_1_4' title="bbox 159 1735 1252 1929">
     <span class='ocr_line' id='line_1_12' title="bbox 159 1735 1252 1823; baseline -0.005 -20"><span class='ocrx_word' id='word_1_78' title='bbox 159 1739 179 1805; x_wconf 94' lang='grc' dir='ltr'>Ι.</span> <span class='ocrx_word' id='word_1_79' title='bbox 208 1741 305 1806; x_wconf 77' lang='lat' dir='ltr'>voces</span> <span class='ocrx_word' id='word_1_80' title='bbox 327 1739 462 1807; x_wconf 76' lang='lat' dir='ltr'>Graecae</span> <span class='ocrx_word' id='word_1_81' title='bbox 491 1740 519 1806; x_wconf 85' lang='lat' dir='ltr'>to</span> <span class='ocrx_word' id='word_1_82' title='bbox 543 1741 652 1823; x_wconf 83' lang='lat' dir='ltr'>pactae</span> <span class='ocrx_word' id='word_1_83' title='bbox 680 1739 793 1806; x_wconf 79' lang='lat' dir='ltr'>catoris</span> <span class='ocrx_word' id='word_1_84' title='bbox 818 1740 968 1822; x_wconf 75' lang='lat' dir='ltr'>teguntur,</span> <span class='ocrx_word' id='word_1_85' title='bbox 998 1756 1065 1805; x_wconf 88' lang='lat' dir='ltr'>com</span> <span class='ocrx_word' id='word_1_86' title='bbox 1090 1739 1128 1806; x_wconf 85' lang='lat' dir='ltr'>de</span> <span class='ocrx_word' id='word_1_87' title='bbox 1152 1735 1252 1806; x_wconf 76' lang='lat' dir='ltr'>araon</span> 
     </span>
     <span class='ocr_line' id='line_1_13' title="bbox 464 1845 970 1929; baseline -0.002 -15"><span class='ocrx_word' id='word_1_88' title='bbox 464 1848 517 1914; x_wconf 85' lang='lat' dir='ltr'>aut</span> <span class='ocrx_word' id='word_1_89' title='bbox 539 1848 576 1912; x_wconf 87' lang='lat' dir='ltr'>de</span> <span class='ocrx_word' id='word_1_90' title='bbox 600 1845 691 1914; x_wconf 81' lang='lat' dir='ltr'>rebus</span> <span class='ocrx_word' id='word_1_91' title='bbox 714 1846 838 1913; x_wconf 80' lang='lat' dir='ltr'>Graecis</span> <span class='ocrx_word' id='word_1_92' title='bbox 862 1847 970 1929; x_wconf 71' lang='lat' dir='ltr'>agitur.</span> 
     </span>
    </p>
   </div>
   <div class='ocr_carea' id='block_1_5' title="bbox 149 1966 1251 4514">
    <p class='ocr_par' dir='ltr' id='par_1_5' title="bbox 149 1966 1251 4514">
     <span class='ocr_line' id='line_1_14' title="bbox 225 1966 1251 2057; baseline -0.005 -23"><span class='ocrx_word' id='word_1_93' title='bbox 225 1969 357 2054; x_wconf 83' lang='lat' dir='ltr'>Aliquot</span> <span class='ocrx_word' id='word_1_94' title='bbox 380 1971 460 2038; x_wconf 91' lang='lat' dir='ltr'>locis</span> <span class='ocrx_word' id='word_1_95' title='bbox 483 1978 620 2057; x_wconf 90' lang='lat' dir='ltr'>apparet</span> <span class='ocrx_word' id='word_1_96' title='bbox 647 1970 810 2038; x_wconf 86' lang='lat' dir='ltr'>Iuvenalis</span> <span class='ocrx_word' id='word_1_97' title='bbox 835 1970 960 2036; x_wconf 93' lang='lat' dir='ltr'>odium</span> <span class='ocrx_word' id='word_1_98' title='bbox 984 1971 1022 2035; x_wconf 92' lang='lat' dir='ltr'>in</span> <span class='ocrx_word' id='word_1_99' title='bbox 1045 1966 1251 2046; x_wconf 87' lang='lat' dir='ltr'>Graeculos,</span> 
     </span>
     <span class='ocr_line' id='line_1_15' title="bbox 158 2077 1162 2163; baseline 0.004 -23"><span class='ocrx_word' id='word_1_100' title='bbox 158 2096 291 2160; x_wconf 89' lang='lat' dir='ltr'>quornm</span> <span class='ocrx_word' id='word_1_101' title='bbox 315 2077 536 2144; x_wconf 90' lang='lat' dir='ltr'>condicionem</span> <span class='ocrx_word' id='word_1_102' title='bbox 560 2077 648 2163; x_wconf 91' lang='lat' dir='ltr'>apud</span> <span class='ocrx_word' id='word_1_103' title='bbox 671 2079 834 2144; x_wconf 89' lang='lat' dir='ltr'>Romanos</span> <span class='ocrx_word' id='word_1_104' title='bbox 857 2078 972 2162; x_wconf 88' lang='lat' dir='ltr'>paucis</span> <span class='ocrx_word' id='word_1_105' title='bbox 995 2077 1162 2144; x_wconf 86' lang='lat' dir='ltr'>illustrem.</span> 
     </span>
     <span class='ocr_line' id='line_1_16' title="bbox 224 2183 1251 2251; baseline -0.006 -3"><span class='ocrx_word' id='word_1_106' title='bbox 224 2184 293 2249; x_wconf 92' lang='lat' dir='ltr'>lam</span> <span class='ocrx_word' id='word_1_107' title='bbox 312 2185 414 2251; x_wconf 88' lang='lat' dir='ltr'>altero</span> <span class='ocrx_word' id='word_1_108' title='bbox 433 2191 508 2250; x_wconf 92' lang='lat' dir='ltr'>ante</span> <span class='ocrx_word' id='word_1_109' title='bbox 529 2184 690 2251; x_wconf 85' lang='lat' dir='ltr'>Christum</span> <span class='ocrx_word' id='word_1_110' title='bbox 708 2191 818 2250; x_wconf 89' lang='lat' dir='ltr'>natum</span> <span class='ocrx_word' id='word_1_111' title='bbox 838 2185 969 2250; x_wconf 89' lang='lat' dir='ltr'>saeculo</span> <span class='ocrx_word' id='word_1_112' title='bbox 989 2183 1135 2250; x_wconf 92' lang='lat' dir='ltr'>homines</span> <span class='ocrx_word' id='word_1_113' title='bbox 1154 2204 1171 2249; x_wconf 90' lang='lat' dir='ltr'>e</span> <span class='ocrx_word' id='word_1_114' title='bbox 1188 2197 1251 2247; x_wconf 91' lang='lat' dir='ltr'>con·</span> 
     </span>
     <span class='ocr_line' id='line_1_17' title="bbox 156 2289 1251 2376; baseline -0.005 -21"><span class='ocrx_word' id='word_1_115' title='bbox 156 2290 302 2376; x_wconf 89' lang='lat' dir='ltr'>pluribus</span> <span class='ocrx_word' id='word_1_116' title='bbox 321 2292 415 2358; x_wconf 90' lang='lat' dir='ltr'>terris</span> <span class='ocrx_word' id='word_1_117' title='bbox 436 2292 578 2358; x_wconf 85' lang='lat' dir='ltr'>externis</span> <span class='ocrx_word' id='word_1_118' title='bbox 591 2293 726 2357; x_wconf 87' lang='lat' dir='ltr'>Romam</span> <span class='ocrx_word' id='word_1_119' title='bbox 740 2291 1003 2374; x_wconf 89' lang='lat' dir='ltr'>immigraverant</span> <span class='ocrx_word' id='word_1_120' title='bbox 1017 2311 1057 2357; x_wconf 90' lang='lat' dir='ltr'>ac</span> <span class='ocrx_word' id='word_1_121' title='bbox 1071 2289 1251 2376; x_wconf 84' lang='lat' dir='ltr'>peregrinam</span> 
     </span>
     <span class='ocr_line' id='line_1_18' title="bbox 156 2392 1250 2484; baseline -0.006 -23"><span class='ocrx_word' id='word_1_122' title='bbox 156 2397 314 2463; x_wconf 86' lang='lat' dir='ltr'>luxuriam</span> <span class='ocrx_word' id='word_1_123' title='bbox 344 2406 376 2464; x_wconf 90' lang='lat' dir='ltr'>et</span> <span class='ocrx_word' id='word_1_124' title='bbox 398 2398 542 2484; x_wconf 86' lang='lat' dir='ltr'>perditos</span> <span class='ocrx_word' id='word_1_125' title='bbox 565 2418 685 2476; x_wconf 91' lang='lat' dir='ltr'>mores,</span> <span class='ocrx_word' id='word_1_126' title='bbox 709 2398 797 2464; x_wconf 90' lang='lat' dir='ltr'>velut</span> <span class='ocrx_word' id='word_1_127' title='bbox 822 2398 1026 2464; x_wconf 75' lang='lat' dir='ltr'>»convivalia</span> <span class='ocrx_word' id='word_1_128' title='bbox 1048 2397 1202 2463; x_wconf 87' lang='lat' dir='ltr'>ludorum·</span> <span class='ocrx_word' id='word_1_129' title='bbox 1212 2392 1250 2457; x_wconf 86' lang='lat' dir='ltr'>ol·</span> 
     </span>
     <span class='ocr_line' id='line_1_19' title="bbox 155 2501 1251 2590; baseline -0.003 -23"><span class='ocrx_word' id='word_1_130' title='bbox 155 2502 370 2571; x_wconf 79' lang='lat' dir='ltr'>luctamenta«</span> <span class='ocrx_word' id='word_1_131' title='bbox 396 2505 477 2586; x_wconf 85' lang='lat' dir='ltr'>(Liv.</span> <span class='ocrx_word' id='word_1_132' title='bbox 492 2505 649 2585; x_wconf 86' lang='lat' dir='ltr'>XXXIX,</span> <span class='ocrx_word' id='word_1_133' title='bbox 670 2509 701 2590; x_wconf 88' lang='lat'>6,</span> <span class='ocrx_word' id='word_1_134' title='bbox 717 2507 762 2588; x_wconf 85' lang='lat'>8),</span> <span class='ocrx_word' id='word_1_135' title='bbox 786 2505 818 2569; x_wconf 96' lang='lat' dir='ltr'>in</span> <span class='ocrx_word' id='word_1_136' title='bbox 837 2505 947 2571; x_wconf 87' lang='lat' dir='ltr'>urbem</span> <span class='ocrx_word' id='word_1_137' title='bbox 966 2506 1163 2572; x_wconf 88' lang='lat' dir='ltr'>invexerant.</span> <span class='ocrx_word' id='word_1_138' title='bbox 1197 2501 1251 2568; x_wconf 86' lang='lat' dir='ltr'>Noc</span> 
     </span>
     <span class='ocr_line' id='line_1_20' title="bbox 157 2608 1251 2697; baseline -0.003 -22"><span class='ocrx_word' id='word_1_139' title='bbox 157 2610 288 2676; x_wconf 93' lang='lat' dir='ltr'>minima</span> <span class='ocrx_word' id='word_1_140' title='bbox 313 2631 420 2678; x_wconf 89' lang='lat' dir='ltr'>eorum</span> <span class='ocrx_word' id='word_1_141' title='bbox 445 2632 521 2697; x_wconf 86' lang='lat' dir='ltr'>pars</span> <span class='ocrx_word' id='word_1_142' title='bbox 546 2619 616 2676; x_wconf 87' lang='lat' dir='ltr'>erat</span> <span class='ocrx_word' id='word_1_143' title='bbox 640 2632 679 2676; x_wconf 86' lang='lat' dir='ltr'>cx</span> <span class='ocrx_word' id='word_1_144' title='bbox 704 2611 843 2677; x_wconf 79' lang='lat' dir='ltr'>Graecia</span> <span class='ocrx_word' id='word_1_145' title='bbox 867 2619 900 2679; x_wconf 94' lang='lat' dir='ltr'>et</span> <span class='ocrx_word' id='word_1_146' title='bbox 924 2632 964 2680; x_wconf 87' lang='lat' dir='ltr'>ex</span> <span class='ocrx_word' id='word_1_147' title='bbox 986 2612 1068 2678; x_wconf 82' lang='lat' dir='ltr'>Asia</span> <span class='ocrx_word' id='word_1_148' title='bbox 1091 2618 1124 2677; x_wconf 94' lang='lat' dir='ltr'>et</span> <span class='ocrx_word' id='word_1_149' title='bbox 1147 2608 1251 2677; x_wconf 84' lang='lat' dir='ltr'>nomine</span> 
     </span>
     <span class='ocr_line' id='line_1_21' title="bbox 156 2704 1250 2803; baseline -0.003 -20"><span class='ocrx_word' id='word_1_150' title='bbox 156 2716 430 2783; x_wconf 77' lang='lat' dir='ltr'>Graeculorum</span> <span class='ocrx_word' id='word_1_151' title='bbox 449 2719 684 2803; x_wconf 87' lang='lat' dir='ltr'>appellabatnr;</span> <span class='ocrx_word' id='word_1_152' title='bbox 711 2737 767 2784; x_wconf 85' lang='lat' dir='ltr'>eos</span> <span class='ocrx_word' id='word_1_153' title='bbox 782 2704 1009 2800; x_wconf 82' lang='lat' dir='ltr'>commemorat</span> <span class='ocrx_word' id='word_1_154' title='bbox 1022 2719 1088 2783; x_wconf 89' lang='lat' dir='ltr'>iam</span> <span class='ocrx_word' id='word_1_155' title='bbox 1108 2718 1213 2783; x_wconf 81' lang='lat' dir='ltr'>Cicero</span> <span class='ocrx_word' id='word_1_156' title='bbox 1228 2712 1250 2773; x_wconf 78' lang='lat' dir='ltr'>in</span> 
     </span>
     <span class='ocr_line' id='line_1_22' title="bbox 154 2819 1248 2910; baseline -0.001 -23"><span class='ocrx_word' id='word_1_157' title='bbox 154 2823 262 2891; x_wconf 88' lang='lat' dir='ltr'>Pison.</span> <span class='ocrx_word' id='word_1_158' title='bbox 277 2824 396 2902; x_wconf 93' lang='lat' dir='ltr'>XXIX,</span> <span class='ocrx_word' id='word_1_159' title='bbox 413 2827 470 2907; x_wconf 73' lang='lat'>703</span> <span class='ocrx_word' id='word_1_160' title='bbox 485 2822 527 2889; x_wconf 90' lang='lat' dir='ltr'>de</span> <span class='ocrx_word' id='word_1_161' title='bbox 542 2832 622 2893; x_wconf 88' lang='lat' dir='ltr'>orat.</span> <span class='ocrx_word' id='word_1_162' title='bbox 638 2826 662 2910; x_wconf 88' lang='grc' dir='ltr'>Ι,</span> <span class='ocrx_word' id='word_1_163' title='bbox 675 2829 726 2904; x_wconf 92' lang='grc'>11,</span> <span class='ocrx_word' id='word_1_164' title='bbox 737 2828 779 2893; x_wconf 79' lang='grc'>47</span> <span class='ocrx_word' id='word_1_165' title='bbox 788 2849 795 2908; x_wconf 84' lang='grc'>;</span> <span class='ocrx_word' id='word_1_166' title='bbox 807 2828 859 2904; x_wconf 75' lang='lat'>22,</span> <span class='ocrx_word' id='word_1_167' title='bbox 877 2828 950 2892; x_wconf 81' lang='lat'>102.</span> <span class='ocrx_word' id='word_1_168' title='bbox 975 2819 1248 2907; x_wconf 80' lang='lat' dir='ltr'>Tusou1.1,3o,86.</span> 
     </span>
     <span class='ocr_line' id='line_1_23' title="bbox 224 2925 1250 3017; baseline -0.011 -22"><span class='ocrx_word' id='word_1_169' title='bbox 224 2931 407 2997; x_wconf 89' lang='lat' dir='ltr'>Posteriore</span> <span class='ocrx_word' id='word_1_170' title='bbox 430 2950 506 2997; x_wconf 91' lang='lat' dir='ltr'>vero</span> <span class='ocrx_word' id='word_1_171' title='bbox 530 2935 673 3016; x_wconf 89' lang='lat' dir='ltr'>tempore</span> <span class='ocrx_word' id='word_1_172' title='bbox 696 2931 842 2999; x_wconf 86' lang='lat' dir='ltr'>homines</span> <span class='ocrx_word' id='word_1_173' title='bbox 865 2931 1026 3017; x_wconf 89' lang='lat' dir='ltr'>peregrini</span> <span class='ocrx_word' id='word_1_174' title='bbox 1051 2931 1149 2998; x_wconf 89' lang='lat' dir='ltr'>etiam</span> <span class='ocrx_word' id='word_1_175' title='bbox 1171 2925 1250 2994; x_wconf 89' lang='lat' dir='ltr'>multo</span> 
     </span>
     <span class='ocr_line' id='line_1_24' title="bbox 154 3036 1250 3123; baseline 0 -22"><span class='ocrx_word' id='word_1_176' title='bbox 154 3036 262 3121; x_wconf 91' lang='lat' dir='ltr'>plures</span> <span class='ocrx_word' id='word_1_177' title='bbox 283 3058 323 3103; x_wconf 87' lang='lat' dir='ltr'>ex</span> <span class='ocrx_word' id='word_1_178' title='bbox 342 3036 491 3121; x_wconf 83' lang='lat' dir='ltr'>Graecia,</span> <span class='ocrx_word' id='word_1_179' title='bbox 516 3039 605 3123; x_wconf 85' lang='lat' dir='ltr'>Asia,</span> <span class='ocrx_word' id='word_1_180' title='bbox 630 3038 704 3104; x_wconf 90' lang='lat' dir='ltr'>aliis</span> <span class='ocrx_word' id='word_1_181' title='bbox 724 3039 818 3105; x_wconf 88' lang='lat' dir='ltr'>torris</span> <span class='ocrx_word' id='word_1_182' title='bbox 836 3040 970 3104; x_wconf 90' lang='lat' dir='ltr'>Romam</span> <span class='ocrx_word' id='word_1_183' title='bbox 985 3045 1149 3117; x_wconf 89' lang='lat' dir='ltr'>venerunt,</span> <span class='ocrx_word' id='word_1_184' title='bbox 1173 3044 1250 3116; x_wconf 65' lang='lat' dir='ltr'>atquc</span> 
     </span>
     <span class='ocr_line' id='line_1_25' title="bbox 155 3139 1249 3231; baseline -0.003 -21"><span class='ocrx_word' id='word_1_185' title='bbox 155 3163 264 3210; x_wconf 90' lang='lat' dir='ltr'>eornm</span> <span class='ocrx_word' id='word_1_186' title='bbox 287 3163 436 3209; x_wconf 91' lang='lat' dir='ltr'>numerus</span> <span class='ocrx_word' id='word_1_187' title='bbox 461 3152 603 3211; x_wconf 86' lang='lat' dir='ltr'>extremo</span> <span class='ocrx_word' id='word_1_188' title='bbox 633 3146 735 3231; x_wconf 90' lang='lat' dir='ltr'>primo</span> <span class='ocrx_word' id='word_1_189' title='bbox 765 3151 796 3210; x_wconf 90' lang='lat' dir='ltr'>et</span> <span class='ocrx_word' id='word_1_190' title='bbox 824 3146 954 3211; x_wconf 91' lang='lat' dir='ltr'>ineunte</span> <span class='ocrx_word' id='word_1_191' title='bbox 978 3145 1121 3211; x_wconf 88' lang='lat' dir='ltr'>secundo</span> <span class='ocrx_word' id='word_1_192' title='bbox 1144 3166 1173 3230; x_wconf 88' lang='lat' dir='ltr'>p.</span> <span class='ocrx_word' id='word_1_193' title='bbox 1195 3139 1249 3207; x_wconf 81' lang='lat' dir='ltr'>Chr·</span> 
     </span>
     <span class='ocr_line' id='line_1_26' title="bbox 153 3250 1248 3330; baseline -0.005 -15"><span class='ocrx_word' id='word_1_194' title='bbox 153 3271 183 3315; x_wconf 88' lang='lat' dir='ltr'>n.</span> <span class='ocrx_word' id='word_1_195' title='bbox 210 3250 341 3317; x_wconf 89' lang='lat' dir='ltr'>sacculo</span> <span class='ocrx_word' id='word_1_196' title='bbox 365 3251 398 3315; x_wconf 92' lang='lat' dir='ltr'>in</span> <span class='ocrx_word' id='word_1_197' title='bbox 421 3253 500 3318; x_wconf 88' lang='lat' dir='ltr'>urbe</span> <span class='ocrx_word' id='word_1_198' title='bbox 523 3250 583 3317; x_wconf 87' lang='lat' dir='ltr'>init</span> <span class='ocrx_word' id='word_1_199' title='bbox 606 3259 725 3330; x_wconf 87' lang='lat' dir='ltr'>tantus,</span> <span class='ocrx_word' id='word_1_200' title='bbox 754 3260 788 3319; x_wconf 92' lang='lat' dir='ltr'>ut</span> <span class='ocrx_word' id='word_1_201' title='bbox 810 3251 981 3317; x_wconf 90' lang='lat' dir='ltr'>multitudo</span> <span class='ocrx_word' id='word_1_202' title='bbox 1005 3251 1098 3318; x_wconf 87' lang='lat' dir='ltr'>ficret</span> <span class='ocrx_word' id='word_1_203' title='bbox 1120 3251 1248 3318; x_wconf 85' lang='lat' dir='ltr'>intolera-</span> 
     </span>
     <span class='ocr_line' id='line_1_27' title="bbox 152 3351 1248 3444; baseline 0 -22"><span class='ocrx_word' id='word_1_204' title='bbox 152 3358 242 3436; x_wconf 89' lang='lat' dir='ltr'>bilis,</span> <span class='ocrx_word' id='word_1_205' title='bbox 271 3359 463 3442; x_wconf 87' lang='lat' dir='ltr'>praesertim</span> <span class='ocrx_word' id='word_1_206' title='bbox 496 3379 566 3424; x_wconf 88' lang='lat' dir='ltr'>cum</span> <span class='ocrx_word' id='word_1_207' title='bbox 595 3359 752 3444; x_wconf 91' lang='lat' dir='ltr'>panlatim</span> <span class='ocrx_word' id='word_1_208' title='bbox 780 3359 925 3426; x_wconf 90' lang='lat' dir='ltr'>omnibns</span> <span class='ocrx_word' id='word_1_209' title='bbox 953 3359 1115 3425; x_wconf 88' lang='lat' dir='ltr'>artificiis:</span> <span class='ocrx_word' id='word_1_210' title='bbox 1148 3351 1248 3423; x_wconf 68' lang='lat' dir='ltr'>frande,</span> 
     </span>
     <span class='ocr_line' id='line_1_28' title="bbox 153 3463 1249 3552; baseline -0.004 -23"><span class='ocrx_word' id='word_1_211' title='bbox 153 3463 251 3542; x_wconf 90' lang='lat' dir='ltr'>dolis,</span> <span class='ocrx_word' id='word_1_212' title='bbox 290 3463 443 3542; x_wconf 82' lang='lat' dir='ltr'>fallaciis,</span> <span class='ocrx_word' id='word_1_213' title='bbox 483 3465 675 3549; x_wconf 86' lang='lat' dir='ltr'>mendaciis,</span> <span class='ocrx_word' id='word_1_214' title='bbox 712 3467 915 3552; x_wconf 85' lang='lat' dir='ltr'>praestigiis,</span> <span class='ocrx_word' id='word_1_215' title='bbox 953 3466 1052 3531; x_wconf 91' lang='lat' dir='ltr'>nimia</span> <span class='ocrx_word' id='word_1_216' title='bbox 1082 3463 1249 3532; x_wconf 68' lang='lat' dir='ltr'>adulatione</span> 
     </span>
     <span class='ocr_line' id='line_1_29' title="bbox 152 3567 1249 3659; baseline 0 -24"><span class='ocrx_word' id='word_1_217' title='bbox 152 3571 323 3655; x_wconf 90' lang='lat' dir='ltr'>plurimum</span> <span class='ocrx_word' id='word_1_218' title='bbox 356 3572 444 3658; x_wconf 87' lang='lat' dir='ltr'>apud</span> <span class='ocrx_word' id='word_1_219' title='bbox 476 3573 622 3639; x_wconf 90' lang='lat' dir='ltr'>homines</span> <span class='ocrx_word' id='word_1_220' title='bbox 655 3593 780 3640; x_wconf 88' lang='lat' dir='ltr'>summa</span> <span class='ocrx_word' id='word_1_221' title='bbox 813 3572 1025 3659; x_wconf 90' lang='lat' dir='ltr'>amplitudine</span> <span class='ocrx_word' id='word_1_222' title='bbox 1057 3573 1199 3639; x_wconf 89' lang='lat' dir='ltr'>valerent</span> <span class='ocrx_word' id='word_1_223' title='bbox 1225 3567 1249 3625; x_wconf 71' lang='lat' dir='ltr'>tl</span> 
     </span>
     <span class='ocr_line' id='line_1_30' title="bbox 152 3679 1247 3764; baseline -0.003 -22"><span class='ocrx_word' id='word_1_224' title='bbox 152 3679 240 3744; x_wconf 88' lang='lat' dir='ltr'>cives</span> <span class='ocrx_word' id='word_1_225' title='bbox 268 3698 343 3744; x_wconf 90' lang='lat' dir='ltr'>vere</span> <span class='ocrx_word' id='word_1_226' title='bbox 371 3680 534 3745; x_wconf 88' lang='lat' dir='ltr'>Romanos</span> <span class='ocrx_word' id='word_1_227' title='bbox 562 3687 817 3764; x_wconf 86' lang='lat' dir='ltr'>praecurrerent.</span> <span class='ocrx_word' id='word_1_228' title='bbox 864 3681 1133 3764; x_wconf 81' lang='lat' dir='ltr'>Frequentissimi</span> <span class='ocrx_word' id='word_1_229' title='bbox 1161 3683 1247 3744; x_wconf 79' lang='lat' dir='ltr'>anton</span> 
     </span>
     <span class='ocr_line' id='line_1_31' title="bbox 152 3784 1248 3867; baseline 0.003 -18"><span class='ocrx_word' id='word_1_230' title='bbox 152 3785 198 3849; x_wconf 93' lang='lat' dir='ltr'>illi</span> <span class='ocrx_word' id='word_1_231' title='bbox 223 3784 368 3852; x_wconf 88' lang='lat' dir='ltr'>homines</span> <span class='ocrx_word' id='word_1_232' title='bbox 392 3787 425 3852; x_wconf 94' lang='lat' dir='ltr'>in</span> <span class='ocrx_word' id='word_1_233' title='bbox 454 3787 532 3852; x_wconf 90' lang='lat' dir='ltr'>urbe</span> <span class='ocrx_word' id='word_1_234' title='bbox 561 3788 772 3854; x_wconf 87' lang='lat' dir='ltr'>versabantur</span> <span class='ocrx_word' id='word_1_235' title='bbox 803 3786 966 3854; x_wconf 88' lang='lat' dir='ltr'>luvenalis</span> <span class='ocrx_word' id='word_1_236' title='bbox 991 3795 1101 3854; x_wconf 89' lang='lat' dir='ltr'>aetate</span> <span class='ocrx_word' id='word_1_237' title='bbox 1125 3794 1169 3867; x_wconf 91' lang='lat' dir='ltr'>et,</span> <span class='ocrx_word' id='word_1_238' title='bbox 1200 3792 1248 3863; x_wconf 83' lang='lat' dir='ltr'>quo</span> 
     </span>
     <span class='ocr_line' id='line_1_32' title="bbox 151 3888 1247 3978; baseline 0.003 -20"><span class='ocrx_word' id='word_1_239' title='bbox 151 3901 243 3958; x_wconf 87' lang='lat' dir='ltr'>erant</span> <span class='ocrx_word' id='word_1_240' title='bbox 278 3892 447 3972; x_wconf 84' lang='lat' dir='ltr'>industria,</span> <span class='ocrx_word' id='word_1_241' title='bbox 481 3895 639 3974; x_wconf 90' lang='lat' dir='ltr'>navitate,</span> <span class='ocrx_word' id='word_1_242' title='bbox 675 3895 820 3960; x_wconf 89' lang='lat' dir='ltr'>vanitate</span> <span class='ocrx_word' id='word_1_243' title='bbox 856 3903 954 3978; x_wconf 88' lang='lat' dir='ltr'>atque</span> <span class='ocrx_word' id='word_1_244' title='bbox 990 3895 1178 3973; x_wconf 90' lang='lat' dir='ltr'>iactatione,</span> <span class='ocrx_word' id='word_1_245' title='bbox 1213 3888 1247 3949; x_wconf 73' lang='lat' dir='ltr'>il·</span> 
     </span>
     <span class='ocr_line' id='line_1_33' title="bbox 151 3985 1247 4086; baseline -0.001 -23"><span class='ocrx_word' id='word_1_246' title='bbox 151 4001 341 4081; x_wconf 89' lang='lat' dir='ltr'>constantia,</span> <span class='ocrx_word' id='word_1_247' title='bbox 366 4000 555 4081; x_wconf 88' lang='lat' dir='ltr'>mobilitate,</span> <span class='ocrx_word' id='word_1_248' title='bbox 580 4001 679 4066; x_wconf 92' lang='lat' dir='ltr'>animi</span> <span class='ocrx_word' id='word_1_249' title='bbox 702 4000 835 4067; x_wconf 89' lang='lat' dir='ltr'>levitate</span> <span class='ocrx_word' id='word_1_250' title='bbox 860 4001 903 4067; x_wconf 90' lang='lat' dir='ltr'>ad</span> <span class='ocrx_word' id='word_1_251' title='bbox 927 4002 1034 4068; x_wconf 91' lang='lat' dir='ltr'>omnia</span> <span class='ocrx_word' id='word_1_252' title='bbox 1053 3985 1247 4086; x_wconf 79' lang='lat' dir='ltr'>negotiaapli</span> 
     </span>
     <span class='ocr_line' id='line_1_34' title="bbox 151 4106 1103 4194; baseline 0.007 -24"><span class='ocrx_word' id='word_1_253' title='bbox 151 4112 183 4170; x_wconf 87' lang='lat' dir='ltr'>et</span> <span class='ocrx_word' id='word_1_254' title='bbox 206 4106 332 4174; x_wconf 86' lang='lat' dir='ltr'>habiles</span> <span class='ocrx_word' id='word_1_255' title='bbox 355 4107 600 4174; x_wconf 87' lang='lat' dir='ltr'>inveniebantur</span> <span class='ocrx_word' id='word_1_256' title='bbox 624 4128 664 4173; x_wconf 90' lang='lat' dir='ltr'>ac</span> <span class='ocrx_word' id='word_1_257' title='bbox 687 4109 884 4194; x_wconf 88' lang='lat' dir='ltr'>temporibus</span> <span class='ocrx_word' id='word_1_258' title='bbox 909 4109 1103 4177; x_wconf 87' lang='lat' dir='ltr'>serviebant.</span> 
     </span>
     <span class='ocr_line' id='line_1_35' title="bbox 218 4202 1246 4300; baseline -0.003 -21"><span class='ocrx_word' id='word_1_259' title='bbox 218 4211 341 4290; x_wconf 82' lang='lat' dir='ltr'>Quibus</span> <span class='ocrx_word' id='word_1_260' title='bbox 374 4215 454 4280; x_wconf 90' lang='lat' dir='ltr'>locis</span> <span class='ocrx_word' id='word_1_261' title='bbox 488 4214 719 4280; x_wconf 87' lang='lat' dir='ltr'>Graeculorum</span> <span class='ocrx_word' id='word_1_262' title='bbox 752 4235 856 4281; x_wconf 91' lang='lat' dir='ltr'>mores</span> <span class='ocrx_word' id='word_1_263' title='bbox 889 4215 1108 4300; x_wconf 88' lang='lat' dir='ltr'>asperioribus</span> <span class='ocrx_word' id='word_1_264' title='bbox 1140 4202 1246 4279; x_wconf 78' lang='lat' dir='ltr'>lacatiis</span> 
     </span>
     <span class='ocr_line' id='line_1_36' title="bbox 149 4321 1246 4408; baseline -0.002 -24"><span class='ocrx_word' id='word_1_265' title='bbox 149 4322 345 4404; x_wconf 85' lang='lat' dir='ltr'>perstringit,</span> <span class='ocrx_word' id='word_1_266' title='bbox 370 4322 411 4386; x_wconf 90' lang='lat' dir='ltr'>iis</span> <span class='ocrx_word' id='word_1_267' title='bbox 430 4330 528 4406; x_wconf 91' lang='lat' dir='ltr'>poeta</span> <span class='ocrx_word' id='word_1_268' title='bbox 548 4321 666 4388; x_wconf 90' lang='lat' dir='ltr'>multas</span> <span class='ocrx_word' id='word_1_269' title='bbox 687 4342 783 4389; x_wconf 86' lang='lat' dir='ltr'>voces</span> <span class='ocrx_word' id='word_1_270' title='bbox 799 4322 943 4389; x_wconf 89' lang='lat' dir='ltr'>Graecas</span> <span class='ocrx_word' id='word_1_271' title='bbox 962 4343 1021 4408; x_wconf 89' lang='lat' dir='ltr'>per</span> <span class='ocrx_word' id='word_1_272' title='bbox 1040 4322 1148 4388; x_wconf 92' lang='lat' dir='ltr'>odium</span> <span class='ocrx_word' id='word_1_273' title='bbox 1167 4323 1246 4395; x_wconf 73' lang='lat' dir='ltr'>orout</span> 
     </span>
     <span class='ocr_line' id='line_1_37' title="bbox 150 4426 1245 4514; baseline -0.004 -21"><span class='ocrx_word' id='word_1_274' title='bbox 150 4428 360 4494; x_wconf 89' lang='lat' dir='ltr'>acerbitatem</span> <span class='ocrx_word' id='word_1_275' title='bbox 393 4428 540 4494; x_wconf 91' lang='lat' dir='ltr'>versibus</span> <span class='ocrx_word' id='word_1_276' title='bbox 569 4427 737 4497; x_wconf 89' lang='lat' dir='ltr'>admiscet.</span> <span class='ocrx_word' id='word_1_277' title='bbox 783 4430 819 4494; x_wconf 95' lang='lat' dir='ltr'>In</span> <span class='ocrx_word' id='word_1_278' title='bbox 848 4429 909 4496; x_wconf 91' lang='lat' dir='ltr'>hoc</span> <span class='ocrx_word' id='word_1_279' title='bbox 937 4448 1056 4514; x_wconf 90' lang='lat' dir='ltr'>genere</span> <span class='ocrx_word' id='word_1_280' title='bbox 1084 4426 1245 4513; x_wconf 69' lang='lat' dir='ltr'>singulare8</span> 
     </span>
    </p>
   </div>
   <div class='ocr_carea' id='block_1_6' title="bbox 0 0 1418 5002">
    <p class='ocr_par' dir='ltr' id='par_1_6' title="bbox 0 0 1418 5002">
     <span class='ocr_line' id='line_1_38' title="bbox 0 0 1418 5002; baseline 0 4"><span class='ocrx_word' id='word_1_281' title='bbox 0 0 1418 5002; x_wconf 95' lang='lat' dir='ltr'> </span> 
     </span>
    </p>
   </div>
  </div>
 </body>
</html>
