<?xml version="1.0" encoding="UTF-8"?>
<!DOCTYPE html PUBLIC "-//W3C//DTD XHTML 1.0 Transitional//EN"
    "http://www.w3.org/TR/xhtml1/DTD/xhtml1-transitional.dtd">
<html xmlns="http://www.w3.org/1999/xhtml" xml:lang="en" lang="en">
 <head>
  <title>
</title>
<meta http-equiv="Content-Type" content="text/html;charset=utf-8" />
  <meta name='ocr-system' content='tesseract 3.04.00' />
  <meta name='ocr-capabilities' content='ocr_page ocr_carea ocr_par ocr_line ocrx_word'/>
</head>
<body>
  <div class='ocr_page' id='page_1' title='image "./iuvenalisgraeci00thiegoog_0056.png"; bbox 0 0 2828 5002; ppageno 0'>
   <div class='ocr_carea' id='block_1_1' title="bbox 597 363 641 430">
    <p class='ocr_par' dir='ltr' id='par_1_1' title="bbox 597 363 641 430">
     <span class='ocr_line' id='line_1_1' title="bbox 597 363 641 430; baseline 0.023 -1"><span class='ocrx_word' id='word_1_1' title='bbox 597 363 641 430; x_wconf 80' lang='lat'><strong>43</strong></span> 
     </span>
    </p>
   </div>
   <div class='ocr_carea' id='block_1_2' title="bbox 10 555 1181 2051">
    <p class='ocr_par' dir='ltr' id='par_1_2' title="bbox 10 555 1181 2051">
     <span class='ocr_line' id='line_1_2' title="bbox 41 555 1180 644; baseline 0.001 -22"><span class='ocrx_word' id='word_1_2' title='bbox 41 555 165 625; x_wconf 79' lang='lat' dir='ltr'><strong>facere</strong></span> <span class='ocrx_word' id='word_1_3' title='bbox 191 579 342 644; x_wconf 85' lang='lat' dir='ltr'><strong>possum,</strong></span> <span class='ocrx_word' id='word_1_4' title='bbox 376 559 451 643; x_wconf 82' lang='lat' dir='ltr'><strong>quin</strong></span> <span class='ocrx_word' id='word_1_5' title='bbox 481 560 510 626; x_wconf 90' lang='lat' dir='ltr'><strong>ei</strong></span> <span class='ocrx_word' id='word_1_6' title='bbox 539 560 571 625; x_wconf 89' lang='lat' dir='ltr'><strong>lu</strong></span> <span class='ocrx_word' id='word_1_7' title='bbox 603 560 749 625; x_wconf 90' lang='lat' dir='ltr'><strong>omuibus</strong></span> <span class='ocrx_word' id='word_1_8' title='bbox 777 560 872 625; x_wconf 88' lang='lat' dir='ltr'><strong>robus</strong></span> <span class='ocrx_word' id='word_1_9' title='bbox 901 557 1074 643; x_wconf 88' lang='lat' dir='ltr'><strong>assentiar,</strong></span> <span class='ocrx_word' id='word_1_10' title='bbox 1108 578 1180 625; x_wconf 88' lang='lat' dir='ltr'><strong>eum</strong></span> 
     </span>
     <span class='ocr_line' id='line_1_3' title="bbox 47 667 1119 752; baseline 0 -19"><span class='ocrx_word' id='word_1_11' title='bbox 47 685 127 733; x_wconf 87' lang='lat' dir='ltr'><strong>eam</strong></span> <span class='ocrx_word' id='word_1_12' title='bbox 153 687 229 735; x_wconf 88' lang='lat' dir='ltr'><strong>esse</strong></span> <span class='ocrx_word' id='word_1_13' title='bbox 252 667 399 733; x_wconf 92' lang='lat' dir='ltr'><strong>omnibus</strong></span> <span class='ocrx_word' id='word_1_14' title='bbox 422 669 562 734; x_wconf 92' lang='lat' dir='ltr'><strong>numeris</strong></span> <span class='ocrx_word' id='word_1_15' title='bbox 587 668 767 734; x_wconf 79' lang='lat' dir='ltr'><strong>absolutam</strong></span> <span class='ocrx_word' id='word_1_16' title='bbox 792 667 870 733; x_wconf 91' lang='lat' dir='ltr'><strong>mihi</strong></span> <span class='ocrx_word' id='word_1_17' title='bbox 893 667 1119 752; x_wconf 83' lang='lat' dir='ltr'><strong>persuaserim.</strong></span> 
     </span>
     <span class='ocr_line' id='line_1_4' title="bbox 123 776 1179 863; baseline -0.001 -21"><span class='ocrx_word' id='word_1_18' title='bbox 123 777 344 863; x_wconf 86' lang='lat' dir='ltr'><strong>Arotalogi,</strong></span> <span class='ocrx_word' id='word_1_19' title='bbox 377 777 432 862; x_wconf 90' lang='lat' dir='ltr'><strong>qui</strong></span> <span class='ocrx_word' id='word_1_20' title='bbox 464 778 551 863; x_wconf 90' lang='lat' dir='ltr'><strong>apud</strong></span> <span class='ocrx_word' id='word_1_21' title='bbox 579 780 741 844; x_wconf 86' lang='lat' dir='ltr'><strong>Romanos</strong></span> <span class='ocrx_word' id='word_1_22' title='bbox 769 778 834 843; x_wconf 93' lang='lat' dir='ltr'><strong>iam</strong></span> <span class='ocrx_word' id='word_1_23' title='bbox 863 776 939 844; x_wconf 90' lang='lat' dir='ltr'><strong>inde</strong></span> <span class='ocrx_word' id='word_1_24' title='bbox 971 779 1013 842; x_wconf 92' lang='lat' dir='ltr'><strong>ab</strong></span> <span class='ocrx_word' id='word_1_25' title='bbox 1041 777 1179 861; x_wconf 81' lang='lat' dir='ltr'>Augusti</span> 
     </span>
     <span class='ocr_line' id='line_1_5' title="bbox 58 877 1180 971; baseline 0.001 -23"><span class='ocrx_word' id='word_1_26' title='bbox 58 885 257 971; x_wconf 74' lang='lat' dir='ltr'><strong>temporibus</strong></span> <span class='ocrx_word' id='word_1_27' title='bbox 289 885 323 951; x_wconf 94' lang='lat' dir='ltr'><strong>in</strong></span> <span class='ocrx_word' id='word_1_28' title='bbox 354 885 516 970; x_wconf 89' lang='lat' dir='ltr'><strong>publicum</strong></span> <span class='ocrx_word' id='word_1_29' title='bbox 545 886 727 971; x_wconf 85' lang='lat' dir='ltr'>prodibant,</span> <span class='ocrx_word' id='word_1_30' title='bbox 762 887 863 951; x_wconf 92' lang='lat' dir='ltr'><strong>altero</strong></span> <span class='ocrx_word' id='word_1_31' title='bbox 892 907 922 971; x_wconf 90' lang='lat' dir='ltr'><strong>p.</strong></span> <span class='ocrx_word' id='word_1_32' title='bbox 951 877 1024 951; x_wconf 84' lang='lat' dir='ltr'><strong>Chr.</strong></span> <span class='ocrx_word' id='word_1_33' title='bbox 1053 905 1084 949; x_wconf 91' lang='lat' dir='ltr'><strong>n.</strong></span> <span class='ocrx_word' id='word_1_34' title='bbox 1110 904 1180 950; x_wconf 88' lang='lat' dir='ltr'><strong>sac·</strong></span> 
     </span>
     <span class='ocr_line' id='line_1_6' title="bbox 10 990 1179 1076; baseline 0 -22"><span class='ocrx_word' id='word_1_35' title='bbox 10 1046 18 1055; x_wconf 93' lang='lat'><em>.</em></span> <span class='ocrx_word' id='word_1_36' title='bbox 64 991 134 1057; x_wconf 89' lang='lat' dir='ltr'><strong>culo</strong></span> <span class='ocrx_word' id='word_1_37' title='bbox 161 993 363 1059; x_wconf 79' lang='lat' dir='ltr'><strong>habebantur</strong></span> <span class='ocrx_word' id='word_1_38' title='bbox 391 991 552 1058; x_wconf 91' lang='lat' dir='ltr'><strong>hominum</strong></span> <span class='ocrx_word' id='word_1_39' title='bbox 581 1014 683 1076; x_wconf 89' lang='lat' dir='ltr'><strong>genus</strong></span> <span class='ocrx_word' id='word_1_40' title='bbox 712 993 888 1059; x_wconf 83' lang='lat' dir='ltr'><strong>mendaciis</strong></span> <span class='ocrx_word' id='word_1_41' title='bbox 912 992 1042 1060; x_wconf 84' lang='lat' dir='ltr'><strong>infame.</strong></span> <span class='ocrx_word' id='word_1_42' title='bbox 1090 990 1179 1056; x_wconf 86' lang='lat' dir='ltr'><strong>luve-</strong></span> 
     </span>
     <span class='ocr_line' id='line_1_7' title="bbox 10 1097 1181 1188; baseline -0.001 -25"><span class='ocrx_word' id='word_1_43' title='bbox 10 1122 31 1181; x_wconf 65' lang='grc' dir='ltr'><strong>ι,</strong></span> <span class='ocrx_word' id='word_1_44' title='bbox 67 1099 147 1168; x_wconf 77' lang='lat' dir='ltr'><strong>nelis</strong></span> <span class='ocrx_word' id='word_1_45' title='bbox 173 1100 236 1167; x_wconf 89' lang='lat' dir='ltr'><strong>hac</strong></span> <span class='ocrx_word' id='word_1_46' title='bbox 267 1121 348 1168; x_wconf 86' lang='lat' dir='ltr'><strong>voce</strong></span> <span class='ocrx_word' id='word_1_47' title='bbox 381 1102 522 1181; x_wconf 85' lang='lat' dir='ltr'><strong>Graeca,</strong></span> <span class='ocrx_word' id='word_1_48' title='bbox 557 1122 654 1185; x_wconf 90' lang='lat' dir='ltr'><strong>quam</strong></span> <span class='ocrx_word' id='word_1_49' title='bbox 687 1098 954 1188; x_wconf 65' lang='lat' dir='ltr'><strong>ex&#39;·[sermonis</strong></span> <span class='ocrx_word' id='word_1_50' title='bbox 988 1097 1181 1166; x_wconf 90' lang='lat' dir='ltr'><strong>cotidiani</strong></span> 
     </span>
     <span class='ocr_line' id='line_1_8' title="bbox 10 1208 1181 1295; baseline -0.001 -25"><span class='ocrx_word' id='word_1_51' title='bbox 10 1216 35 1295; x_wconf 53' lang='grc' dir='ltr'><strong>οξ</strong></span> <span class='ocrx_word' id='word_1_52' title='bbox 73 1225 163 1275; x_wconf 84' lang='lat' dir='ltr'><strong>more</strong></span> <span class='ocrx_word' id='word_1_53' title='bbox 185 1209 336 1295; x_wconf 88' lang='lat' dir='ltr'><strong>sumpsit,</strong></span> <span class='ocrx_word' id='word_1_54' title='bbox 362 1208 490 1275; x_wconf 86' lang='lat' dir='ltr'><strong>ridetur</strong></span> <span class='ocrx_word' id='word_1_55' title='bbox 513 1229 591 1276; x_wconf 87' lang='lat' dir='ltr'><strong>usus</strong></span> <span class='ocrx_word' id='word_1_56' title='bbox 615 1229 701 1294; x_wconf 89' lang='lat' dir='ltr'><strong>esse,</strong></span> <span class='ocrx_word' id='word_1_57' title='bbox 725 1215 760 1274; x_wconf 93' lang='lat' dir='ltr'><strong>ut</strong></span> <span class='ocrx_word' id='word_1_58' title='bbox 783 1209 980 1276; x_wconf 81' lang='lat' dir='ltr'><strong>Graecorum</strong></span> <span class='ocrx_word' id='word_1_59' title='bbox 1004 1208 1181 1273; x_wconf 87' lang='lat' dir='ltr'><strong>vanitatem</strong></span> 
     </span>
     <span class='ocr_line' id='line_1_9' title="bbox 10 1310 1181 1407; baseline -0.002 -28"><span class='ocrx_word' id='word_1_60' title='bbox 10 1310 36 1375; x_wconf 73' lang='lat' dir='ltr'><strong>&#39;a&#39;</strong></span> <span class='ocrx_word' id='word_1_61' title='bbox 77 1321 160 1398; x_wconf 81' lang='lat' dir='ltr'><strong>atquc</strong></span> <span class='ocrx_word' id='word_1_62' title='bbox 190 1316 397 1382; x_wconf 88' lang='lat' dir='ltr'><strong>iactationem</strong></span> <span class='ocrx_word' id='word_1_63' title='bbox 430 1315 593 1407; x_wconf 84' lang='lat' dir='ltr'><strong>irrideret,</strong></span> <span class='ocrx_word' id='word_1_64' title='bbox 632 1317 672 1385; x_wconf 84' lang='lat' dir='ltr'><strong>cl.</strong></span> <span class='ocrx_word' id='word_1_65' title='bbox 707 1317 805 1382; x_wconf 92' lang='lat' dir='ltr'><strong>etiam</strong></span> <span class='ocrx_word' id='word_1_66' title='bbox 837 1317 876 1395; x_wconf 88' lang='lat' dir='ltr'><strong>X,</strong></span> <span class='ocrx_word' id='word_1_67' title='bbox 903 1318 981 1383; x_wconf 75' lang='lat'>174:</span> <span class='ocrx_word' id='word_1_68' title='bbox 1022 1313 1181 1380; x_wconf 62' lang='lat' dir='ltr'><strong>’Graecia</strong></span> 
     </span>
     <span class='ocr_line' id='line_1_10' title="bbox 11 1421 1180 1508; baseline -0.001 -22"><span class='ocrx_word' id='word_1_69' title='bbox 11 1442 27 1479; x_wconf 82' lang='lat'><strong>.‹</strong></span> <span class='ocrx_word' id='word_1_70' title='bbox 80 1421 236 1508; x_wconf 76' lang='lat' dir='ltr'><strong>mendar‹;</strong></span> <span class='ocrx_word' id='word_1_71' title='bbox 261 1431 359 1508; x_wconf 86' lang='lat' dir='ltr'><strong>atque</strong></span> <span class='ocrx_word' id='word_1_72' title='bbox 382 1424 671 1507; x_wconf 87' lang='lat' dir='ltr'><strong>aretalogorum</strong></span> <span class='ocrx_word' id='word_1_73' title='bbox 695 1435 797 1490; x_wconf 86' lang='lat' dir='ltr'><strong>artem</strong></span> <span class='ocrx_word' id='word_1_74' title='bbox 817 1444 838 1488; x_wconf 93' lang='lat' dir='ltr'><strong>a</strong></span> <span class='ocrx_word' id='word_1_75' title='bbox 857 1421 1065 1489; x_wconf 78' lang='lat' dir='ltr'><strong>Graeculis</strong></span> <span class='ocrx_word' id='word_1_76' title='bbox 1088 1440 1180 1506; x_wconf 91' lang='lat' dir='ltr'><strong>prae·</strong></span> 
     </span>
     <span class='ocr_line' id='line_1_11' title="bbox 10 1527 1181 1616; baseline 0.001 -23"><span class='ocrx_word' id='word_1_77' title='bbox 10 1527 33 1585; x_wconf 54' lang='lat' dir='ltr'><strong>l»</strong></span> <span class='ocrx_word' id='word_1_78' title='bbox 82 1528 171 1616; x_wconf 90' lang='lat' dir='ltr'><strong>cipue,</strong></span> <span class='ocrx_word' id='word_1_79' title='bbox 202 1532 256 1616; x_wconf 91' lang='lat' dir='ltr'><strong>qul</strong></span> <span class='ocrx_word' id='word_1_80' title='bbox 289 1538 355 1597; x_wconf 93' lang='lat' dir='ltr'><strong>tum</strong></span> <span class='ocrx_word' id='word_1_81' title='bbox 388 1533 510 1597; x_wconf 86' lang='lat' dir='ltr'><strong>Romae</strong></span> <span class='ocrx_word' id='word_1_82' title='bbox 538 1530 570 1595; x_wconf 91' lang='lat' dir='ltr'><strong>in</strong></span> <span class='ocrx_word' id='word_1_83' title='bbox 601 1532 748 1597; x_wconf 91' lang='lat' dir='ltr'><strong>omnibus</strong></span> <span class='ocrx_word' id='word_1_84' title='bbox 776 1530 916 1613; x_wconf 88' lang='lat' dir='ltr'><strong>nogotiis</strong></span> <span class='ocrx_word' id='word_1_85' title='bbox 945 1529 1092 1614; x_wconf 79' lang='lat' dir='ltr'><strong>(111,tt,</strong></span> <span class='ocrx_word' id='word_1_86' title='bbox 1119 1528 1181 1611; x_wconf 85' lang='lat' dir='ltr'><strong>sq.)</strong></span> 
     </span>
     <span class='ocr_line' id='line_1_12' title="bbox 10 1631 1007 1779; baseline 0.006 -81"><span class='ocrx_word' id='word_1_87' title='bbox 10 1631 38 1779; x_wconf 41' lang='lat' dir='ltr'><strong>s,</strong></span> <span class='ocrx_word' id='word_1_88' title='bbox 85 1639 284 1725; x_wconf 79' lang='lat' dir='ltr'><strong>versabantur,</strong></span> <span class='ocrx_word' id='word_1_89' title='bbox 308 1659 383 1706; x_wconf 87' lang='lat' dir='ltr'><strong>csse</strong></span> <span class='ocrx_word' id='word_1_90' title='bbox 406 1639 614 1706; x_wconf 80' lang='lat' dir='ltr'><strong>exercitatam</strong></span> <span class='ocrx_word' id='word_1_91' title='bbox 639 1639 706 1705; x_wconf 87' lang='lat' dir='ltr'><strong>veri</strong></span> <span class='ocrx_word' id='word_1_92' title='bbox 731 1637 927 1704; x_wconf 91' lang='lat' dir='ltr'><strong>simillimum</strong></span> <span class='ocrx_word' id='word_1_93' title='bbox 950 1643 1007 1704; x_wconf 90' lang='lat' dir='ltr'><strong>est.</strong></span> 
     </span>
     <span class='ocr_line' id='line_1_13' title="bbox 25 1833 854 1925; baseline 0 -23"><span class='ocrx_word' id='word_1_94' title='bbox 25 1839 27 1847; x_wconf 87' lang='lat'>&#39;</span> <span class='ocrx_word' id='word_1_95' title='bbox 418 1836 615 1903; x_wconf 77' lang='lat' dir='ltr'><strong>Chirunomotr</strong></span> <span class='ocrx_word' id='word_1_96' title='bbox 641 1833 854 1925; x_wconf 56' lang='lat' dir='ltr'><strong>[perporoprbrl</strong></span> 
     </span>
     <span class='ocr_line' id='line_1_14' title="bbox 418 1958 841 2051; baseline -0.005 -21"><span class='ocrx_word' id='word_1_97' title='bbox 418 1963 608 2030; x_wconf 64' lang='lat' dir='ltr'><strong>chironomon</strong></span> <span class='ocrx_word' id='word_1_98' title='bbox 632 1958 841 2051; x_wconf 72' lang='lat' dir='ltr'><strong>[yetpordpocl.</strong></span> 
     </span>
    </p>
   </div>
   <div class='ocr_carea' id='block_1_3' title="bbox 10 2101 1181 3052">
    <p class='ocr_par' dir='ltr' id='par_1_3' title="bbox 19 2090 1137 2205">
     <span class='ocr_line' id='line_1_15' title="bbox 136 2101 1137 2192; baseline -0.008 -16.942"><span class='ocrx_word' id='word_1_99' title='bbox 136 2104 167 2191; x_wconf 87' lang='lat' dir='ltr'><strong>ll,</strong></span> <span class='ocrx_word' id='word_1_100' title='bbox 185 2110 261 2174; x_wconf 80' lang='lat'>121:</span> <span class='ocrx_word' id='word_1_101' title='bbox 289 2106 506 2174; x_wconf 83' lang='lat' dir='ltr'><strong>»Structorem</strong></span> <span class='ocrx_word' id='word_1_102' title='bbox 529 2107 661 2192; x_wconf 83' lang='lat' dir='ltr'><strong>interea,</strong></span> <span class='ocrx_word' id='word_1_103' title='bbox 684 2125 725 2172; x_wconf 91' lang='lat' dir='ltr'><strong>ne</strong></span> <span class='ocrx_word' id='word_1_104' title='bbox 749 2126 813 2190; x_wconf 90' lang='lat' dir='ltr'><strong>qua</strong></span> <span class='ocrx_word' id='word_1_105' title='bbox 837 2102 1016 2188; x_wconf 83' lang='lat' dir='ltr'><strong>indignatio</strong></span> <span class='ocrx_word' id='word_1_106' title='bbox 1041 2101 1137 2185; x_wconf 89' lang='lat' dir='ltr'><strong>desit,</strong></span> 
     </span>
    </p>

    <p class='ocr_par' dir='ltr' id='par_1_4' title="bbox 24 2200 1137 2496">
     <span class='ocr_line' id='line_1_16' title="bbox 24 2200 1137 2300; baseline -0.007 -18"><span class='ocrx_word' id='word_1_107' title='bbox 24 2200 37 2218; x_wconf 32' lang='grc' dir='ltr'><strong>ι’</strong></span> <span class='ocrx_word' id='word_1_108' title='bbox 285 2215 464 2280; x_wconf 87' lang='lat' dir='ltr'><strong>Saltantem</strong></span> <span class='ocrx_word' id='word_1_109' title='bbox 488 2219 617 2300; x_wconf 87' lang='lat' dir='ltr'><strong>spectas</strong></span> <span class='ocrx_word' id='word_1_110' title='bbox 642 2221 674 2280; x_wconf 94' lang='lat' dir='ltr'><strong>et</strong></span> <span class='ocrx_word' id='word_1_111' title='bbox 698 2211 990 2278; x_wconf 89' lang='lat' dir='ltr'><strong>chironomunta</strong></span> <span class='ocrx_word' id='word_1_112' title='bbox 1014 2210 1137 2276; x_wconf 87' lang='lat' dir='ltr'><strong>volanti</strong></span> 
     </span>
     <span class='ocr_line' id='line_1_17' title="bbox 285 2317 1038 2406; baseline -0.009 -18"><span class='ocrx_word' id='word_1_113' title='bbox 285 2322 431 2399; x_wconf 82' lang='lat' dir='ltr'><strong>Cultello,</strong></span> <span class='ocrx_word' id='word_1_114' title='bbox 457 2320 559 2388; x_wconf 90' lang='lat' dir='ltr'><strong>donec</strong></span> <span class='ocrx_word' id='word_1_115' title='bbox 582 2327 720 2406; x_wconf 88' lang='lat' dir='ltr'><strong>peragat</strong></span> <span class='ocrx_word' id='word_1_116' title='bbox 744 2319 867 2386; x_wconf 88' lang='lat' dir='ltr'><strong>dictata</strong></span> <span class='ocrx_word' id='word_1_117' title='bbox 891 2317 1038 2402; x_wconf 83' lang='lat' dir='ltr'><strong>magistri</strong></span> 
     </span>
     <span class='ocr_line' id='line_1_18' title="bbox 285 2428 431 2496; baseline -0.048 0"><span class='ocrx_word' id='word_1_118' title='bbox 285 2428 431 2496; x_wconf 74' lang='lat' dir='ltr'><strong>Omnia«</strong></span> 
     </span>
    </p>

    <p class='ocr_par' dir='ltr' id='par_1_5' title="bbox 20 2530 1181 2631">
     <span class='ocr_line' id='line_1_19' title="bbox 20 2530 1181 2631; baseline -0.004 -30"><span class='ocrx_word' id='word_1_119' title='bbox 20 2604 26 2631; x_wconf 34' lang='grc' dir='ltr'><strong>Ι,</strong></span> <span class='ocrx_word' id='word_1_120' title='bbox 137 2534 254 2606; x_wconf 86' lang='lat' dir='ltr'><strong>Schol.</strong></span> <span class='ocrx_word' id='word_1_121' title='bbox 280 2537 323 2604; x_wconf 90' lang='lat' dir='ltr'><strong>ad</strong></span> <span class='ocrx_word' id='word_1_122' title='bbox 337 2538 367 2605; x_wconf 90' lang='lat' dir='ltr'><strong>h.</strong></span> <span class='ocrx_word' id='word_1_123' title='bbox 382 2537 419 2606; x_wconf 87' lang='lat' dir='ltr'><strong>l.:</strong></span> <span class='ocrx_word' id='word_1_124' title='bbox 446 2537 580 2602; x_wconf 80' lang='lat' dir='ltr'><strong>»Manus</strong></span> <span class='ocrx_word' id='word_1_125' title='bbox 595 2534 765 2601; x_wconf 85' lang='lat' dir='ltr'><strong>ducentem</strong></span> <span class='ocrx_word' id='word_1_126' title='bbox 785 2540 817 2601; x_wconf 88' lang='lat' dir='ltr'><strong>et</strong></span> <span class='ocrx_word' id='word_1_127' title='bbox 836 2532 972 2599; x_wconf 87' lang='lat' dir='ltr'><strong>artificio</strong></span> <span class='ocrx_word' id='word_1_128' title='bbox 987 2530 1181 2600; x_wconf 87' lang='lat' dir='ltr'><strong>incidentem</strong></span> 
     </span>
    </p>

    <p class='ocr_par' dir='ltr' id='par_1_6' title="bbox 86 2641 202 2713">
     <span class='ocr_line' id='line_1_20' title="bbox 86 2641 202 2713; baseline 0.043 -12"><span class='ocrx_word' id='word_1_129' title='bbox 86 2641 202 2713; x_wconf 74' lang='lat' dir='ltr'><strong>onnia«</strong></span> 
     </span>
    </p>

    <p class='ocr_par' dir='ltr' id='par_1_7' title="bbox 10 2745 1160 3052">
     <span class='ocr_line' id='line_1_21' title="bbox 10 2745 1159 2855; baseline -0.01 -32"><span class='ocrx_word' id='word_1_130' title='bbox 10 2795 25 2855; x_wconf 52' lang='lat' dir='ltr'><strong>p·</strong></span> <span class='ocrx_word' id='word_1_131' title='bbox 138 2748 184 2833; x_wconf 89' lang='lat' dir='ltr'><strong>Vl,</strong></span> <span class='ocrx_word' id='word_1_132' title='bbox 200 2756 257 2821; x_wconf 84' lang='lat'><strong>63:</strong></span> <span class='ocrx_word' id='word_1_133' title='bbox 286 2752 561 2819; x_wconf 73' lang='lat' dir='ltr'><strong>»chironomon</strong></span> <span class='ocrx_word' id='word_1_134' title='bbox 585 2749 706 2817; x_wconf 83' lang='lat' dir='ltr'><strong>Ledam</strong></span> <span class='ocrx_word' id='word_1_135' title='bbox 729 2748 819 2815; x_wconf 91' lang='lat' dir='ltr'><strong>molli</strong></span> <span class='ocrx_word' id='word_1_136' title='bbox 843 2748 984 2815; x_wconf 90' lang='lat' dir='ltr'><strong>saltante</strong></span> <span class='ocrx_word' id='word_1_137' title='bbox 1008 2745 1159 2831; x_wconf 87' lang='lat' dir='ltr'><strong>Bathyllo</strong></span> 
     </span>
     <span class='ocr_line' id='line_1_22' title="bbox 285 2854 1103 2944; baseline -0.01 -19"><span class='ocrx_word' id='word_1_138' title='bbox 285 2860 408 2925; x_wconf 82' lang='lat' dir='ltr'><strong>Tuccia</strong></span> <span class='ocrx_word' id='word_1_139' title='bbox 429 2860 559 2926; x_wconf 86' lang='lat' dir='ltr'><strong>vesicas</strong></span> <span class='ocrx_word' id='word_1_140' title='bbox 582 2878 646 2924; x_wconf 92' lang='lat' dir='ltr'><strong>non</strong></span> <span class='ocrx_word' id='word_1_141' title='bbox 668 2859 814 2944; x_wconf 89' lang='lat' dir='ltr'><strong>imperat,</strong></span> <span class='ocrx_word' id='word_1_142' title='bbox 839 2856 967 2942; x_wconf 86' lang='lat' dir='ltr'><strong>Appula</strong></span> <span class='ocrx_word' id='word_1_143' title='bbox 990 2854 1103 2939; x_wconf 83' lang='lat' dir='ltr'><strong>gannit</strong></span> 
     </span>
     <span class='ocr_line' id='line_1_23' title="bbox 286 2962 1160 3052; baseline -0.009 -19"><span class='ocrx_word' id='word_1_144' title='bbox 286 2966 376 3034; x_wconf 89' lang='lat' dir='ltr'><strong>Sicut</strong></span> <span class='ocrx_word' id='word_1_145' title='bbox 399 2966 431 3033; x_wconf 93' lang='lat' dir='ltr'><strong>in</strong></span> <span class='ocrx_word' id='word_1_146' title='bbox 456 2967 606 3052; x_wconf 84' lang='lat' dir='ltr'><strong>amplexu</strong></span> <span class='ocrx_word' id='word_1_147' title='bbox 631 2966 736 3032; x_wconf 91' lang='lat' dir='ltr'><strong>subito</strong></span> <span class='ocrx_word' id='word_1_148' title='bbox 761 2971 793 3030; x_wconf 91' lang='lat' dir='ltr'><strong>et</strong></span> <span class='ocrx_word' id='word_1_149' title='bbox 810 2963 996 3029; x_wconf 88' lang='lat' dir='ltr'><strong>miserabile</strong></span> <span class='ocrx_word' id='word_1_150' title='bbox 1019 2962 1160 3045; x_wconf 86' lang='lat' dir='ltr'><strong>longum,</strong></span> 
     </span>
    </p>
   </div>
   <div class='ocr_carea' id='block_1_4' title="bbox 286 3068 1303 3160">
    <p class='ocr_par' dir='ltr' id='par_1_8' title="bbox 286 3068 1303 3160">
     <span class='ocr_line' id='line_1_24' title="bbox 286 3068 1303 3160; baseline -0.016 -19"><span class='ocrx_word' id='word_1_151' title='bbox 286 3074 433 3142; x_wconf 88' lang='lat' dir='ltr'><strong>Attendit</strong></span> <span class='ocrx_word' id='word_1_152' title='bbox 452 3074 623 3160; x_wconf 77' lang='lat' dir='ltr'><strong>&#39;I&#39;hymele3</strong></span> <span class='ocrx_word' id='word_1_153' title='bbox 643 3072 799 3158; x_wconf 84' lang='lat' dir='ltr'><strong>Thymele</strong></span> <span class='ocrx_word' id='word_1_154' title='bbox 818 3080 894 3137; x_wconf 91' lang='lat' dir='ltr'><strong>tunc</strong></span> <span class='ocrx_word' id='word_1_155' title='bbox 912 3071 1034 3136; x_wconf 88' lang='lat' dir='ltr'><strong>rustica</strong></span> <span class='ocrx_word' id='word_1_156' title='bbox 1054 3068 1179 3135; x_wconf 75' lang='lat' dir='ltr'><strong>discit«</strong></span> <span class='ocrx_word' id='word_1_157' title='bbox 1301 3121 1303 3125; x_wconf 79' lang='grc'>,</span> 
     </span>
    </p>
   </div>
   <div class='ocr_carea' id='block_1_5' title="bbox 10 3232 1191 4504">
    <p class='ocr_par' dir='ltr' id='par_1_9' title="bbox 10 3232 1187 3624">
     <span class='ocr_line' id='line_1_25' title="bbox 420 3232 904 3313; baseline -0.002 -14"><span class='ocrx_word' id='word_1_158' title='bbox 420 3236 459 3300; x_wconf 90' lang='lat' dir='ltr'><strong>ln</strong></span> <span class='ocrx_word' id='word_1_159' title='bbox 483 3235 632 3300; x_wconf 91' lang='lat' dir='ltr'><strong>litteris</strong></span> <span class='ocrx_word' id='word_1_160' title='bbox 657 3232 821 3300; x_wconf 79' lang='lat' dir='ltr'><strong>Graecis</strong></span> <span class='ocrx_word' id='word_1_161' title='bbox 901 3309 904 3313; x_wconf 34' lang='lat'><strong>,</strong></span> 
     </span>
     <span class='ocr_line' id='line_1_26' title="bbox 10 3337 371 3427; baseline -0.003 -20"><span class='ocrx_word' id='word_1_162' title='bbox 10 3372 14 3389; x_wconf 55' lang='grc' dir='ltr'>ι</span> <span class='ocrx_word' id='word_1_163' title='bbox 66 3337 196 3416; x_wconf 71' lang='lat' dir='ltr'><strong>saepius</strong></span> <span class='ocrx_word' id='word_1_164' title='bbox 219 3343 371 3427; x_wconf 85' lang='lat' dir='ltr'><strong>leguntur</strong></span> 
     </span>
     <span class='ocr_line' id='line_1_27' title="bbox 77 3441 1187 3545; baseline -0.009 -28"><span class='ocrx_word' id='word_1_165' title='bbox 77 3532 82 3545; x_wconf 35' lang='grc' dir='ltr'>Ι</span> <span class='ocrx_word' id='word_1_166' title='bbox 127 3441 158 3514; x_wconf 87' lang='lat' dir='ltr'><strong>I.</strong></span> <span class='ocrx_word' id='word_1_167' title='bbox 181 3450 313 3516; x_wconf 84' lang='lat' dir='ltr'><strong>verbum</strong></span> <span class='ocrx_word' id='word_1_168' title='bbox 340 3459 574 3538; x_wconf 80' lang='grc' dir='ltr'>χειρονομεῖν</span> <span class='ocrx_word' id='word_1_169' title='bbox 603 3456 635 3514; x_wconf 91' lang='lat' dir='ltr'><strong>et</strong></span> <span class='ocrx_word' id='word_1_170' title='bbox 663 3449 761 3515; x_wconf 86' lang='lat' dir='ltr'><strong>subst.</strong></span> <span class='ocrx_word' id='word_1_171' title='bbox 792 3451 1022 3534; x_wconf 77' lang='grc' dir='ltr'>χειρονομία,</span> <span class='ocrx_word' id='word_1_172' title='bbox 1055 3465 1187 3527; x_wconf 93' lang='lat' dir='ltr'><strong>quorum</strong></span> 
     </span>
     <span class='ocr_line' id='line_1_28' title="bbox 60 3549 432 3624; baseline 0.013 -7"><span class='ocrx_word' id='word_1_173' title='bbox 60 3549 321 3624; x_wconf 78' lang='lat' dir='ltr'><strong>⁸¹snitoationes</strong></span> <span class='ocrx_word' id='word_1_174' title='bbox 345 3564 432 3624; x_wconf 85' lang='lat' dir='ltr'><strong>sunt:</strong></span> 
     </span>
    </p>

    <p class='ocr_par' dir='ltr' id='par_1_10' title="bbox 54 3657 1191 4504">
     <span class='ocr_line' id='line_1_29' title="bbox 180 3657 1188 3748; baseline -0.008 -17"><span class='ocrx_word' id='word_1_175' title='bbox 180 3669 214 3748; x_wconf 90' lang='lat' dir='ltr'><strong>a)</strong></span> <span class='ocrx_word' id='word_1_176' title='bbox 248 3664 391 3731; x_wconf 81' lang='lat' dir='ltr'><strong>Gestus</strong></span> <span class='ocrx_word' id='word_1_177' title='bbox 425 3663 603 3729; x_wconf 88' lang='lat' dir='ltr'><strong>manibus</strong></span> <span class='ocrx_word' id='word_1_178' title='bbox 636 3661 877 3748; x_wconf 90' lang='lat' dir='ltr'><strong>potissimum</strong></span> <span class='ocrx_word' id='word_1_179' title='bbox 916 3665 953 3725; x_wconf 93' lang='lat' dir='ltr'><strong>et</strong></span> <span class='ocrx_word' id='word_1_180' title='bbox 990 3657 1188 3724; x_wconf 89' lang='lat' dir='ltr'><strong>bracchiis</strong></span> 
     </span>
     <span class='ocr_line' id='line_1_30' title="bbox 55 3752 1189 3857; baseline -0.009 -18"><span class='ocrx_word' id='word_1_181' title='bbox 55 3752 182 3846; x_wconf 77' lang='lat' dir='ltr'><strong>at(lue</strong></span> <span class='ocrx_word' id='word_1_182' title='bbox 206 3773 324 3839; x_wconf 88' lang='lat' dir='ltr'><strong>etiam</strong></span> <span class='ocrx_word' id='word_1_183' title='bbox 347 3778 429 3838; x_wconf 92' lang='lat' dir='ltr'><strong>toto</strong></span> <span class='ocrx_word' id='word_1_184' title='bbox 454 3790 612 3857; x_wconf 88' lang='lat' dir='ltr'><strong>corpore</strong></span> <span class='ocrx_word' id='word_1_185' title='bbox 636 3770 766 3835; x_wconf 85' lang='lat' dir='ltr'><strong>facere</strong></span> <span class='ocrx_word' id='word_1_186' title='bbox 785 3768 940 3850; x_wconf 90' lang='lat' dir='ltr'><strong>legibus</strong></span> <span class='ocrx_word' id='word_1_187' title='bbox 961 3764 1189 3850; x_wconf 89' lang='lat' dir='ltr'><strong>quibusdam</strong></span> 
     </span>
     <span class='ocr_line' id='line_1_31' title="bbox 54 3860 1189 3958; baseline -0.009 -13"><span class='ocrx_word' id='word_1_188' title='bbox 54 3860 87 3919; x_wconf 50' lang='grc' dir='ltr'><strong>θ*</strong></span> <span class='ocrx_word' id='word_1_189' title='bbox 120 3881 293 3949; x_wconf 84' lang='lat' dir='ltr'><strong>numeris</strong></span> <span class='ocrx_word' id='word_1_190' title='bbox 317 3879 535 3946; x_wconf 87' lang='lat' dir='ltr'><strong>adstrictos</strong></span> <span class='ocrx_word' id='word_1_191' title='bbox 555 3885 591 3944; x_wconf 90' lang='lat' dir='ltr'><strong>et</strong></span> <span class='ocrx_word' id='word_1_192' title='bbox 610 3876 725 3942; x_wconf 93' lang='lat' dir='ltr'><strong>animi</strong></span> <span class='ocrx_word' id='word_1_193' title='bbox 745 3876 914 3958; x_wconf 89' lang='lat' dir='ltr'><strong>aliquam</strong></span> <span class='ocrx_word' id='word_1_194' title='bbox 935 3873 1189 3940; x_wconf 91' lang='lat' dir='ltr'><strong>intentionem</strong></span> 
     </span>
     <span class='ocr_line' id='line_1_32' title="bbox 54 3977 1189 4070; baseline -0.011 -17"><span class='ocrx_word' id='word_1_195' title='bbox 54 3977 343 4065; x_wconf 74' lang='lat' dir='ltr'><strong>⁰¹1trimentes.</strong></span> <span class='ocrx_word' id='word_1_196' title='bbox 397 3987 448 4053; x_wconf 90' lang='lat' dir='ltr'><strong>De</strong></span> <span class='ocrx_word' id='word_1_197' title='bbox 481 3986 640 4070; x_wconf 85' lang='lat' dir='ltr'><strong>gestibus,</strong></span> <span class='ocrx_word' id='word_1_198' title='bbox 673 3984 788 4068; x_wconf 89' lang='lat' dir='ltr'><strong>quibus</strong></span> <span class='ocrx_word' id='word_1_199' title='bbox 821 3981 967 4046; x_wconf 90' lang='lat' dir='ltr'><strong>homiues</strong></span> <span class='ocrx_word' id='word_1_200' title='bbox 1002 4000 1023 4044; x_wconf 92' lang='lat' dir='ltr'><strong>a</strong></span> <span class='ocrx_word' id='word_1_201' title='bbox 1053 3986 1189 4063; x_wconf 90' lang='lat' dir='ltr'><strong>tyranno</strong></span> 
     </span>
     <span class='ocr_line' id='line_1_33' title="bbox 55 4085 1189 4187; baseline -0.01 -27"><span class='ocrx_word' id='word_1_202' title='bbox 55 4085 208 4187; x_wconf 56' lang='lat' dir='ltr'><strong>lundam</strong></span> <span class='ocrx_word' id='word_1_203' title='bbox 231 4093 387 4180; x_wconf 86' lang='lat' dir='ltr'><strong>impediti,</strong></span> <span class='ocrx_word' id='word_1_204' title='bbox 410 4093 578 4176; x_wconf 93' lang='lat' dir='ltr'><strong>quominus</strong></span> <span class='ocrx_word' id='word_1_205' title='bbox 598 4111 695 4158; x_wconf 90' lang='lat' dir='ltr'><strong>sonos</strong></span> <span class='ocrx_word' id='word_1_206' title='bbox 715 4089 856 4173; x_wconf 85' lang='lat' dir='ltr'><strong>ederent,</strong></span> <span class='ocrx_word' id='word_1_207' title='bbox 875 4087 919 4153; x_wconf 88' lang='lat' dir='ltr'><strong>ad</strong></span> <span class='ocrx_word' id='word_1_208' title='bbox 940 4107 989 4165; x_wconf 88' lang='lat' dir='ltr'><strong>ea,</strong></span> <span class='ocrx_word' id='word_1_209' title='bbox 1015 4107 1099 4170; x_wconf 87' lang='lat' dir='ltr'><strong>quae</strong></span> <span class='ocrx_word' id='word_1_210' title='bbox 1118 4106 1189 4150; x_wconf 93' lang='lat' dir='ltr'><strong>sen·</strong></span> 
     </span>
     <span class='ocr_line' id='line_1_34' title="bbox 55 4177 1189 4288; baseline -0.009 -20"><span class='ocrx_word' id='word_1_211' title='bbox 55 4177 179 4288; x_wconf 64' lang='lat' dir='ltr'><strong>tu&#39;1³11t,</strong></span> <span class='ocrx_word' id='word_1_212' title='bbox 212 4203 296 4269; x_wconf 88' lang='lat' dir='ltr'><strong>inter</strong></span> <span class='ocrx_word' id='word_1_213' title='bbox 329 4221 365 4268; x_wconf 88' lang='lat' dir='ltr'><strong>se</strong></span> <span class='ocrx_word' id='word_1_214' title='bbox 397 4198 595 4267; x_wconf 89' lang='lat' dir='ltr'><strong>declaranda</strong></span> <span class='ocrx_word' id='word_1_215' title='bbox 627 4199 811 4275; x_wconf 87' lang='lat' dir='ltr'><strong>utebantur,</strong></span> <span class='ocrx_word' id='word_1_216' title='bbox 844 4195 1035 4262; x_wconf 82' lang='lat' dir='ltr'><strong>vocabulum</strong></span> <span class='ocrx_word' id='word_1_217' title='bbox 1067 4217 1189 4281; x_wconf 81' lang='grc' dir='ltr'>χειρο-</span> 
     </span>
     <span class='ocr_line' id='line_1_35' title="bbox 54 4298 1191 4389; baseline -0.009 -13"><span class='ocrx_word' id='word_1_218' title='bbox 54 4299 186 4382; x_wconf 66' lang='grc' dir='ltr'><strong>νομεῖν</strong></span> <span class='ocrx_word' id='word_1_219' title='bbox 208 4307 342 4375; x_wconf 83' lang='lat' dir='ltr'><strong>exhibet</strong></span> <span class='ocrx_word' id='word_1_220' title='bbox 364 4306 512 4374; x_wconf 84' lang='lat' dir='ltr'><strong>Aeliam.</strong></span> <span class='ocrx_word' id='word_1_221' title='bbox 537 4327 604 4372; x_wconf 90' lang='lat' dir='ltr'><strong>var.</strong></span> <span class='ocrx_word' id='word_1_222' title='bbox 629 4305 703 4371; x_wconf 86' lang='lat' dir='ltr'><strong>bist.</strong></span> <span class='ocrx_word' id='word_1_223' title='bbox 726 4304 813 4388; x_wconf 87' lang='lat' dir='ltr'><strong>XIV,</strong></span> <span class='ocrx_word' id='word_1_224' title='bbox 839 4304 890 4383; x_wconf 81' lang='lat'><strong>22,</strong></span> <span class='ocrx_word' id='word_1_225' title='bbox 915 4303 972 4368; x_wconf 80' lang='lat' dir='ltr'><strong>im:</strong></span> <span class='ocrx_word' id='word_1_226' title='bbox 1005 4298 1191 4389; x_wconf 73' lang='grc' dir='ltr'>»Ἀλλήλοις</span> 
     </span>
     <span class='ocr_line' id='line_1_36' title="bbox 57 4383 1190 4504; baseline -0.005 -20"><span class='ocrx_word' id='word_1_227' title='bbox 57 4383 167 4483; x_wconf 48' lang='lat' dir='ltr'><strong>{sthur</strong></span> <span class='ocrx_word' id='word_1_228' title='bbox 188 4421 241 4485; x_wconf 79' lang='lat' dir='ltr'><strong>act</strong></span> <span class='ocrx_word' id='word_1_229' title='bbox 265 4415 520 4504; x_wconf 76' lang='grc' dir='ltr'>ἐχειρονόμοον</span> <span class='ocrx_word' id='word_1_230' title='bbox 545 4418 618 4500; x_wconf 82' lang='grc' dir='ltr'><strong>πρὸς</strong></span> <span class='ocrx_word' id='word_1_231' title='bbox 642 4411 810 4499; x_wconf 76' lang='grc' dir='ltr'>ἀλλήλοοςι</span> <span class='ocrx_word' id='word_1_232' title='bbox 838 4410 859 4482; x_wconf 90' lang='lat' dir='ltr'><strong>i.</strong></span> <span class='ocrx_word' id='word_1_233' title='bbox 876 4431 904 4481; x_wconf 87' lang='lat' dir='ltr'><strong>c.</strong></span> <span class='ocrx_word' id='word_1_234' title='bbox 929 4408 1022 4478; x_wconf 81' lang='lat' dir='ltr'><strong>varia</strong></span> <span class='ocrx_word' id='word_1_235' title='bbox 1041 4427 1190 4479; x_wconf 81' lang='lat' dir='ltr'><strong>manuum</strong></span> 
     </span>
    </p>
   </div>
   <div class='ocr_carea' id='block_1_6' title="bbox 0 0 1428 5002">
    <p class='ocr_par' dir='ltr' id='par_1_11' title="bbox 0 0 1428 5002">
     <span class='ocr_line' id='line_1_37' title="bbox 0 0 1428 5002; baseline 0 0"><span class='ocrx_word' id='word_1_236' title='bbox 0 0 1428 5002; x_wconf 95' lang='lat' dir='ltr'><strong> </strong></span> 
     </span>
    </p>
   </div>
  </div>
 </body>
</html>
