2828 5002
580 349 619 412 15

93 547 126 610 3.
162 544 271 624 Atque
294 541 392 607 etiam
415 541 628 625 spectandum
651 548 709 624 est,
736 606 740 610 .
1003 607 1005 610 ,
1083 608 1097 614 ,,
1128 611 1129 615 ,

164 654 200 731 a)
225 659 329 716 utrum
353 651 492 736 scriptor
514 651 561 717 de
584 671 624 716 re
647 672 746 718 nova
769 653 928 734 loquatur,
1017 711 1032 721 ,Α
1095 714 1098 720 ,
1145 712 1148 717 .

164 759 199 840 b)
223 778 276 839 an,
301 757 333 823 si
357 777 420 823 res
444 759 496 823 sit
518 766 622 843 nota,
646 758 771 842 quibus,
785 759 919 824 vocibus
942 757 1158 848 asaperiori-

15 867 89 932 bus
116 864 334 949 scriptoribus
357 872 415 929 aut
438 864 508 931 eius
531 865 724 948 aequalibus
748 863 938 952 significata
957 863 1063 936 suerit
1088 938 1092 951 ,
1132 928 1136 933 .

97 973 130 1038 4.
164 973 340 1037 Praeterea
372 970 598 1056 exponendum
626 978 688 1054 est,
722 971 750 1038 si
779 970 821 1037 ad
847 970 983 1042 eandem
1009 990 1077 1042 rem
1105 989 1160 1043 ese

18 1078 237 1164 primendam
269 1079 429 1144 voeabula
461 1079 579 1143 Latina
612 1085 756 1158 exstant,
790 1098 856 1143 cur
889 1078 1058 1162 scriptor
1088 1079 1160 1149 La

19 1187 138 1252 tinus
171 1205 265 1252 voce
294 1184 444 1251 Graeca
472 1185 528 1250 uti
556 1185 736 1251 maluerit
764 1205 874 1271 quam
902 1185 1056 1263 Latina,
1090 1183 1160 1255 slve

20 1292 113 1359 haec
142 1289 233 1377 apud
260 1311 332 1358 eum
360 1291 467 1377 ipsum
496 1293 566 1360 sire
594 1293 682 1379 apud
709 1292 794 1359 alios
822 1293 996 1377 scriptores
1024 1291 1159 1361 Latinos

20 1398 162 1482 legitur.
1122 1463 1124 1467 ,
1155 1460 1159 1467 .

98 1505 209 1587 Leges
233 1510 355 1588 autem,
383 1525 465 1588 quas
489 1527 518 1590 p.
547 1508 676 1573 10-15
700 1506 809 1590 posui,
839 1513 874 1571 ut
897 1504 939 1571 de
962 1523 1022 1570 usu
1035 1523 1159 1576 ‚uocum

24 1614 236 1678 Graecarum
264 1610 353 1696 apud
383 1613 529 1695 singulos
554 1614 728 1698 scriptores
752 1613 887 1679 Latinos
909 1618 998 1683 recte
1021 1610 1160 1681 iudicari

23 1720 148 1805 possit,
170 1738 276 1793 nemo,
296 1727 449 1802 quantum
465 1720 544 1802 scio,
568 1720 601 1807 in
622 1722 812 1803 quaestione
824 1720 868 1788 ,de
882 1720 977 1784 unius
992 1718 1160 1802 scriptoris

26 1826 143 1893 Latini
166 1825 352 1892 nominibus
376 1826 512 1892 Graecis
536 1827 685 1893 instituta
708 1834 837 1893 secutus
862 1833 921 1894 estd
1040 1837 1043 1840 ’

99 2128 244 2194 Maxime
271 2128 489 2195 memorabilis
519 2136 569 2195 est
596 2150 674 2196 usus
703 2149 816 2196 vocum
845 2130 1043 2195 Graecarum
1071 2122 1159 2210 apud

29 2243 255 2303 saturarum
296 2235 518 2301 Latinarum
555 2236 784 2322 scriptores,
828 2255 908 2320 quos
950 2232 1159 2318 usurpavisse

30 2341 198 2409 vocabula
236 2342 364 2408 Graeca
396 2343 496 2407 multo
529 2343 622 2427 plura
655 2364 752 2426 quam
790 2344 944 2428 plurimos
982 2348 1158 2426 ceterorum

31 2451 215 2515 litterarum
247 2448 435 2513 [latinarum
469 2468 620 2532 generum
654 2458 769 2533 poetas
802 2449 889 2513 nullo
923 2447 1018 2512 modo
1051 2450 1160 2530 potest

32 2555 162 2639 negari.
199 2555 242 2620 Et
264 2556 399 2622 interest
413 2555 583 2640 plurimum
608 2554 652 2621 ad
676 2574 785 2620 eorum
809 2564 938 2620 saturas
955 2560 1044 2619 reete
1064 2552 1159 2641 inter·

31 2660 213 2747 pretandas
237 2681 277 2727 ac
300 2662 416 2727 melius
440 2660 665 2747 explanandas
688 2662 875 2747 perquirere
899 2660 1159 2742 etinvestigare,

33 2769 153 2853 quibus
187 2767 228 2833 de
260 2768 369 2834 causis
402 2769 436 2833 hi
468 2777 585 2853 poetae
617 2769 800 2836 nominibus
833 2768 968 2856 Graecis
1001 2767 1052 2833 usi
1084 2766 1159 2850 sint,

32 2875 229 2960 praesertim
257 2894 329 2939 cum
361 2875 411 2940 vis
445 2882 541 2958 atque
573 2875 731 2959 adfectus,
765 2897 859 2959 quem
892 2880 1057 2960 appetunt,
1089 2892 1159 2957 pcr-

34 3000 137 3066 sacpe
161 2981 243 3066 ipsis
266 2981 318 3046 his
341 2982 474 3048 vocibus
499 2982 635 3048 Graecis
659 2982 828 3049 efficiatur.
880 3007 883 3013 ·
1045 3063 1047 3067 Α
1142 2975 1148 2980 ’

101 3087 174 3170 ligo
211 3088 480 3170 Iuvenalem1),
517 3097 689 3173 postquam
727 3099 880 3156 accurata
912 3088 1005 3155 huius
1042 3084 1159 3171 poetae

34 3193 305 3279 pertractatione,
345 3193 423 3277 quid
461 3197 530 3260 eius
567 3196 705 3261 orationi
737 3196 888 3261 eximium
920 3197 1057 3279 inesset,
1094 3194 1159 3284 iam

34 3301 91 3367 diu
121 3300 232 3366 studui
261 3303 439 3387 exquirere,
473 3303 687 3370 animadverti
716 3305 863 3370 versibus
897 3304 1069 3369 inserere
1097 3321 1159 3389 ro-

35 3407 177 3474 cabula
209 3407 360 3475 Graeca
396 3410 587 3493 permulta
625 3417 661 3477 et
698 3412 918 3494 singularia
957 3408 1159 3493 quaedam,

35 3533 123 3599 quae
145 3513 234 3598 apud
263 3514 384 3580 nullum
417 3517 516 3581 alium
549 3524 730 3584 saturarum
757 3519 946 3583 Latinarum
969 3516 1160 3601 scriptorem

33 3622 252 3689 inveniuntur.
288 3619 480 3699 Quodnisi
500 3623 671 3690 videbatur
689 3625 813 3708 mirum,
838 3625 957 3709 quippe
977 3644 1048 3688 cum
1069 3623 1159 3688 luve-

34 3729 122 3794 nalis
137 3727 282 3815 Graecos
307 3734 339 3794 et
358 3748 467 3794 eorum
486 3749 592 3797 moros
611 3731 784 3814 studiaque
803 3731 927 3797 odisset
950 3731 1021 3811 (Ill,
1038 3733 1082 3797 60
1095 3750 1159 3813 sq:

36 3836 133 3904 »Non
164 3854 297 3920 possum
330 3835 413 3901 ferre
447 3836 607 3902 Graecam
636 3838 783 3921 urbem«)
811 3845 844 3903 et
876 3837 1036 3920 eluderet,
1073 3826 1161 3903 velut

34 3943 93 4027 ΠΙ,
118 3943 266 4008 Ιὸ-ἵὸε
294 3941 552 4008 »Grammaticus
576 3943 683 4008 rhetor
707 3951 888 4026 geometres
912 3946 1017 4029 pictor
1041 3944 1159 4028 aliptes

33 4051 151 4133 Augur
173 4046 409 4114 schoenobates
430 4049 575 4116 medicus
594 4071 719 4135 magus,
744 4051 852 4116 omnia
871 4053 960 4117 novit
980 4051 1159 4116 Graeculus

33 4157 214 4222 esuriens«
265 4155 313 4219 Ao
341 4174 411 4220 cum
439 4155 594 4223 vidissem
617 4178 782 4224 numerum
806 4160 1034 4225 vocabulorum
1057 4157 1158 4224 Grae·

32 4281 253 4289 ——-—-·——

108 4330 131 4400 1)
151 4331 258 4386 Kiaer
280 4333 299 4386 l.
318 4332 336 4385 l.
362 4336 519 4403 complures
544 4337 603 4391 eius
627 4354 708 4392 voees
734 4336 854 4392 Graecas
879 4338 1038 4392 litterarum
1062 4336 1160 4393 ordine

29 4424 200 4487 enumerat,
213 4438 270 4475 non
289 4439 392 4476 omnes.
