2828 5002
582 360 602 424 9

16 552 161 621 sufficit.
199 554 237 618 In
260 552 434 638 perpaucis
457 553 597 618 breviter
620 551 741 619 dictum
765 560 826 639 est,
848 553 963 636 quibus
987 550 1158 619 decausis

18 662 169 747 scriptor
201 661 350 736 Latinus,
384 660 426 726 de
459 679 522 744 quo
551 660 673 744 agitur,
706 679 805 726 voces
840 659 985 728 Graecus
1017 659 1157 728 sermoni

17 768 296 844 intermiscuerit,
325 767 359 832 in
381 767 487 851 nullo,
517 765 603 832 unde
625 765 702 833 illas
725 773 889 834 mutuatus
913 767 971 847 sit,
1001 773 1058 832 cut
1081 786 1158 850 quo·

19 873 126 942 modo
169 895 280 941 earum
322 873 409 960 apud
452 873 542 939 illum
580 893 658 940 usus
695 894 735 940 ac
773 872 969 958 significatio
1012 893 1033 937 a
1075 880 1159 940 oete-

20 1002 138 1048 rorum
165 982 357 1066 scriptorum
385 981 456 1047 sive
478 980 677 1048 Graecorum
704 982 775 1048 sive
802 981 990 1047 Latinorum
1014 979 1155 1046 differat.
1234 972 1243 989 '

23 1089 100 1154 Huc
125 1090 267 1172 accedit,
296 1087 382 1172 quod
410 1088 445 1153 in
468 1088 520 1154 his
544 1090 692 1154 omnibus
715 1089 881 1174 opusculis
904 1087 1029 1152 rariora
1053 1086 1156 1153 solum

24 1196 192 1262 vocabula
216 1194 344 1262 Graeca
373 1194 443 1260 eius
472 1195 640 1281 scriptoris
672 1195 795 1275 Latini,
828 1194 871 1261 de
894 1194 986 1260 cuius
1010 1213 1158 1261 sermone

27 1304 212 1386 quaeritur,
246 1309 488 1386 enumerantur,
521 1323 585 1367 non
618 1303 734 1368 omnia.
782 1301 849 1367 Sed
877 1302 924 1367 ite
953 1300 1097 1384 demum,
1129 1300 1158 1367 si

27 1429 143 1476 omnes
165 1428 264 1474 voces
288 1408 436 1476 Graecae
456 1408 526 1474 eius
545 1409 711 1494 scriptoris
735 1407 851 1492 Latini,
875 1408 908 1472 in
927 1409 1018 1474 cuins
1038 1407 1157 1473 oratio·

27 1537 103 1581 nem
128 1515 316 1600 inquiritur,
350 1517 507 1582 collectae
535 1536 606 1580 cum
633 1536 695 1581 usu
722 1515 859 1580 aliorum
883 1513 1075 1598 scriptorum
1097 1515 1158 1578 La-

28 1625 169 1688 tinorum
207 1629 451 1708 comparantur,
490 1622 709 1705 cognoscitur,
747 1629 825 1705 quot
857 1640 967 1687 earum
998 1619 1158 1686 communi

28 1730 247 1794 Romanorum
275 1748 335 1793 usu
362 1735 537 1814 perceptae
563 1728 643 1812 sint,
673 1735 705 1795 et
733 1734 810 1812 quot
838 1726 879 1793 de
907 1726 1067 1793 industria
1091 1727 1157 1792 sint

27 1840 218 1921 usurpatae.

97 1942 167 2008 His·
187 1941 334 2007 omnibus
362 1943 458 2007 rebus
486 1941 537 2026 fit,
570 1949 618 2026 ut,
651 1941 713 2007 etsi
740 1946 789 2007 tot
815 1940 876 2007 viri
908 1939 996 2006 docti
1024 1939 1066 2007 de
1094 1939 1158 2006 hac

27 2070 62 2115 re
96 2048 333 2133 disseruerunt,
365 2055 487 2132 tamen,
520 2047 606 2131 quod
639 2048 807 2114 consilium
840 2067 880 2113 ac
908 2046 1004 2114 finem
1036 2045 1158 2130 singuli

27 2156 206 2241 scriptores
225 2155 334 2221 Latini
357 2156 390 2220 in
413 2154 609 2220 adhibendis
629 2156 796 2221 vocabulis
812 2154 948 2220 Graecis
968 2161 1156 2237 sequantur,

26 2284 91 2328 non
125 2263 232 2348 possit
268 2269 355 2328 rccte
386 2261 543 2345 intellegi.
604 2263 673 2344 ligo
706 2261 768 2327 hoc
804 2260 890 2342 loeo,
929 2281 994 2346 qua
1031 2259 1157 2326 ratione

28 2372 256 2454 quaestionem
280 2369 323 2436 dc
345 2389 459 2435 vocum
474 2369 672 2434 Graecarum
696 2367 784 2454 apud
808 2369 955 2450 singulos
980 2368 1154 2451 scriptores

26 2477 168 2541 Latinos
191 2496 251 2541 usu
280 2496 320 2540 ao
344 2475 582 2560 significatione
606 2472 837 2541 instituendam
860 2494 934 2540 esse
959 2473 1153 2551 existimem,

26 2583 146 2668 paucis
172 2583 352 2667 explicabo.

26 2788 53 2843 1.
90 2785 197 2857 Quae
230 2778 419 2843 omniuin
453 2785 777 2844 vocabulorum
812 2786 1082 2842 Graecorum
1116 2784 1155 2841 in

87 2893 259 2961 linguam
297 2893 470 2951 Latinam
507 2899 753 2964 receptorum
792 2903 954 2960 genera
991 2890 1156 2948 discerni

539 3000 700 3068 possint.

96 3140 131 3207 a)
152 3132 319 3199 Vocabula
334 3133 461 3199 Graeca
475 3133 514 3198 in
529 3152 708 3199 sermone
722 3131 924 3198 cotidiano
938 3133 1154 3198 Romanorum

26 3239 302 3306 usitatissima.

98 3365 169 3430 Huc
191 3365 382 3432 referendae
410 3372 485 3431 sunt
512 3384 622 3430 omnes
646 3385 743 3431 voces
768 3365 929 3444 Graecae,
960 3383 1044 3448 quae
1068 3383 1153 3429 com·

27 3473 117 3536 muni
151 3474 290 3538 omnium
324 3473 539 3537 Romanorum
572 3490 732 3538 consensu
765 3471 830 3536 iam
862 3471 989 3556 pridem
1022 3470 1155 3536 civitate

27 3581 177 3644 Romana
200 3577 341 3645 donatae
365 3587 465 3658 crant,
490 3597 574 3662 quae

374 3709 407 3785 α)
431 3724 498 3791 per
521 3702 805 3788 commercium,

375 3815 403 3895 β)
427 3831 495 3896 per
518 3808 713 3894 artifices,

27 3942 62 4001 ut
90 3935 282 4019 histriones,
309 3936 464 4019 musicos,
493 3936 577 4001 alios
604 3934 638 3998 in
665 3934 777 3999 urbem
806 3939 899 3999 erant
925 3932 1052 4008 illatam
1087 3930 1154 4013 qui·

28 4045 162 4110 busonm
188 4041 351 4108 artissime
375 4043 545 4108 coniuncta
569 4049 643 4108 sunt

315 4172 344 4248 γ)
368 4167 467 4232 artis
490 4166 684 4233 vocabula
708 4165 871 4248 Graeca,

25 4314 108 4378 quae
129 4313 199 4359 una
220 4292 454 4374 comingensis
473 4290 589 4358 studiis
607 4297 706 4374 atque
720 4289 844 4356 artibus
860 4287 996 4354 Graecis
1010 4287 1146 4352 Romam

23 4403 156 4470 inrecta
182 4405 217 4465 ct
241 4398 334 4480 quasi
357 4397 531 4464 vernacula
555 4397 643 4463 lacta
667 4403 768 4463 erant.
