2828 5002
665 380 808 466 cc¹

199 573 291 644 vall
314 574 357 642 ad
382 574 412 645 h.
435 576 470 644 l.:
497 576 693 662 »Commisit
718 577 1139 663 comparavitelenchos,
1164 601 1245 665 quos

144 698 313 768 magnarum
345 705 542 769 gemmarum
571 687 728 770 gerebant
758 694 939 768 matronae,
973 707 1054 773 quos
1087 697 1119 756 et
1152 690 1244 756 titu-

144 784 231 858 latos
253 791 473 878 appellabant,
496 793 601 878 inquit
623 794 780 862 Probus«

196 917 313 984 Gloss.
331 918 584 985 Graeco-Lat.
601 918 646 1005 [Ο.
658 918 708 984 Gi.
721 918 757 987 L.
772 919 813 1004 11,
827 939 857 1004 p.
870 922 945 1006 Pol,
957 919 1027 1005 411:
1049 919 1245 1012 »Ἔλεγχος

143 1020 275 1092 indicium
299 1025 398 1093 index
421 1024 503 1093 haee
525 1026 702 1112 probatio«

425 1186 477 1252 Ex
502 1177 759 1272 scriptoribus
783 1176 944 1257 Graecis

144 1311 313 1379 uocabulum
337 1314 492 1400 ἔλεγχος
516 1312 669 1380 exhibent

192 1437 214 1503 l.
246 1437 398 1504 Pindar.
429 1437 555 1524 Olymp.
589 1437 644 1519 lv,
678 1440 734 1521 203
767 1439 962 1526 ¹christoph.
995 1441 1132 1527 Lysistr.
1163 1445 1240 1528 484,
1380 1460 1407 1479 ⁴⁷

144 1545 301 1629 conplures
325 1545 381 1610 alii
406 1545 448 1613 de
471 1553 703 1630 argumento.

191 1669 228 1738 ll.
252 1669 365 1756 Soph.
390 1669 472 1737 Oed‘.
497 1691 563 1755 reg.
586 1673 661 1757 603,
684 1672 726 1737 al.
752 1671 793 1739 de
816 1672 1051 1743 documento.

144 1897 156 1962 b
191 1795 243 1864 Ill
270 1795 427 1882 Dionys.
457 1796 578 1866 Halic.
606 1798 699 1883 epist.
729 1796 773 1864 ad
797 1798 907 1884 Pomp.
930 1798 956 1878 Ι,
980 1802 1001 1866 9
1026 1798 1071 1866 de
1100 1820 1237 1886 oppro-

161 1920 213 1972 roo.

480 2012 521 2076 In
545 2010 693 2078 litteris
715 2011 883 2096 Latinis,

145 2130 164 2196 h
182 2136 292 2219 quibus
319 2156 384 2204 vox
411 2135 594 2204 elenchus
617 2137 719 2222 primo
744 2136 870 2204 demum
899 2160 930 2224 p.
955 2138 1029 2206 Chr.
1052 2159 1082 2207 n.
1107 2140 1244 2221 saeculo

145 2230 288 2324 breuiter,
323 2242 557 2312 discernendae
590 2253 664 2311 sunt
695 2252 761 2312 tres
794 2245 1064 2332 significationes,
1103 2267 1237 2332 quarum

145 2364 198 2415 roa
217 2370 286 2417 oum
311 2351 500 2437 scriptorum
525 2351 722 2418 Graecorum
745 2373 805 2419 usu
829 2354 991 2437 convenit3
1016 2359 1067 2420 est
1089 2355 1174 2420 enim

191 2473 212 2541 l.
234 2476 587 2562 argumentationis
607 2497 727 2561 genus
746 2477 946 2561 quoddam.
979 2478 1082 2545 Huius
1098 2478 1237 2546 notionis

145 2596 189 2646 ooo
209 2584 295 2669 prius
319 2605 415 2669 quam
439 2592 531 2651 sexto
554 2605 586 2670 p.
603 2584 676 2652 Chr.
692 2606 721 2653 n.
745 2586 875 2651 saeculo
893 2585 1111 2653 testimonium
1130 2593 1238 2653 exstat
1258 2592 1262 2617 ¹

145 2688 209 2771 opud
238 2691 441 2759 Boethium
473 2692 518 2777 ll,
549 2692 646 2778 prior.
680 2692 801 2778 analyt.
835 2692 965 2779 interpr.
998 2695 1056 2761 20:
1097 2691 1235 2779 »Quare

145 2793 169 2873 oi,
187 2795 215 2862 id
238 2797 324 2883 quod
346 2799 485 2885 positum
502 2807 560 2882 est,
586 2800 780 2866 contrarium
804 2800 846 2866 sit
869 2801 1078 2887 conclusioni,
1102 2821 1236 2869 necesse

145 2907 179 2965 cst
204 2903 268 2972 fieri
301 2906 515 2987 elenchum,
549 2927 622 2972 nam
655 2907 839 2975 elenchus
871 2908 1078 2994 syllogismus
1111 2915 1235 2975 contra·

145 3001 270 3081 dictionis
293 3019 372 3081 est<
400 3014 441 3080 de
465 3015 595 3100 interpr.
621 3014 698 3082 edit.
722 3015 853 3082 secund.
876 3020 907 3101 2,
930 3037 962 3102 p.
982 3018 1058 3086 460.
1082 3016 1235 3101 (lligne):

145 3111 314 3202 ›Sophistiei
338 3120 518 3188 elenchi«

191 3243 400 3313 Romanorum
424 3247 575 3333 propriae
602 3246 752 3315 videntur
775 3247 874 3316 fuisse
898 3249 1048 3315 vocabuli
1071 3248 1234 3334 significa·

145 3341 223 3420 lioocs
245 3354 349 3420 altera
374 3362 406 3422 et
429 3355 540 3421 tertia:

189 3475 224 3547 ll.
255 3479 375 3544 Index
406 3479 495 3544 libri
528 3479 765 3564 intellegendus
803 3489 853 3547 est
884 3479 971 3566 apud
1005 3481 1159 3548 Sueton.
1193 3481 1234 3550 de

146 3590 247 3654 orsum.
284 3594 317 3652 et
345 3585 463 3654 rhetor.
498 3591 517 3655 8
551 3594 629 3654 extr.
674 3589 725 3656 R.:
761 3589 820 3654 »ot
854 3587 1031 3672 Pompilius
1065 3589 1233 3674 [Androni-

146 3687 190 3771 ouo]
198 3743 312 3763 ......
341 3693 425 3760 adeo
457 3694 551 3780 inops
584 3701 682 3779 atque
715 3715 815 3779 egens
845 3695 940 3780 [fcio.
974 3704 1008 3761 ut
1036 3703 1167 3763 coactns
1191 3698 1234 3763 sit

146 3801 326 3887 lraeoipuum
351 3800 432 3867 illud
455 3825 474 3860 a
500 3803 688 3888 opusculum
717 3822 807 3868 suum
832 3802 994 3868 annalium
1022 3803 1105 3868 Enni
1133 3803 1232 3871 elen-

146 3894 265 3974 lhorum
295 3907 437 3977 sedecim
465 3909 593 3976 milibus
622 3930 784 3975 nummum
808 3909 935 3975 cuidam
959 3909 1118 3977 vendere«
1145 3917 1177 3977 et
1200 3911 1232 3975 in

146 3997 320 4084 bemmatis
353 4036 374 4081 a
402 4016 542 4082 librariis
566 4015 759 4101 quibusdam
796 4016 898 4101 primo
926 4016 1008 4083 libro
1036 4024 1112 4085 nat.
1142 4017 1229 4108 hist.

146 4104 219 4184 Plini
252 4122 449 4208 praepositis
487 4124 528 4207 (l,
557 4146 588 4209 p.
616 4127 654 4190 ll
681 4124 803 4207 Sillig):
851 4124 987 4210 »incipit
1027 4124 1231 4191 historiarum

146 4226 224 4292 Iomdi
251 4229 468 4296 elencorum
497 4230 649 4295 librorum
677 4231 816 4295 omnium
844 4229 998 4297 XXXVII
1027 4230 1107 4296 liber
1135 4250 1227 4312 nnus,

146 4325 180 4400 lli
198 4336 344 4418 primus«
393 4339 430 4403 R.
461 4337 599 4422 »Incipit
621 4337 825 4402 historiarum
849 4337 960 4402 mundi
984 4337 1229 4404 elenchorum

148 4425 265 4511 ibrorum
284 4444 470 4512 xxxvii«
498 4446 526 4513 b.
553 4445 606 4512 »a
622 4445 716 4509 Plinii
736 4444 876 4512 Secundi
894 4444 1102 4511 historiarum
1120 4445 1230 4512 mundi
