<?xml version="1.0" encoding="UTF-8"?>
<!DOCTYPE html PUBLIC "-//W3C//DTD XHTML 1.0 Transitional//EN"
    "http://www.w3.org/TR/xhtml1/DTD/xhtml1-transitional.dtd">
<html xmlns="http://www.w3.org/1999/xhtml" xml:lang="en" lang="en">
 <head>
  <title>
</title>
<meta http-equiv="Content-Type" content="text/html;charset=utf-8" />
  <meta name='ocr-system' content='tesseract 3.04.00' />
  <meta name='ocr-capabilities' content='ocr_page ocr_carea ocr_par ocr_line ocrx_word'/>
</head>
<body>
  <div class='ocr_page' id='page_1' title='image "./iuvenalisgraeci00thiegoog_0015.png"; bbox 0 0 2828 5002; ppageno 0'>
   <div class='ocr_carea' id='block_1_1' title="bbox 701 353 721 414">
    <p class='ocr_par' dir='ltr' id='par_1_1' title="bbox 701 353 721 414">
     <span class='ocr_line' id='line_1_1' title="bbox 701 353 721 414; baseline 0 0"><span class='ocrx_word' id='word_1_1' title='bbox 701 353 721 414; x_wconf 81' lang='lat'><strong>2</strong></span> 
     </span>
    </p>
   </div>
   <div class='ocr_carea' id='block_1_2' title="bbox 148 535 1309 1056">
    <p class='ocr_par' dir='ltr' id='par_1_2' title="bbox 148 535 1309 1056">
     <span class='ocr_line' id='line_1_2' title="bbox 148 535 1309 637; baseline -0.017 -19"><span class='ocrx_word' id='word_1_2' title='bbox 148 561 355 637; x_wconf 81' lang='lat' dir='ltr'>sumpturum.</span> <span class='ocrx_word' id='word_1_3' title='bbox 416 550 453 615; x_wconf 96' lang='lat' dir='ltr'>ln</span> <span class='ocrx_word' id='word_1_4' title='bbox 495 547 597 614; x_wconf 87' lang='lat' dir='ltr'>altero</span> <span class='ocrx_word' id='word_1_5' title='bbox 635 545 743 630; x_wconf 90' lang='lat' dir='ltr'>capite</span> <span class='ocrx_word' id='word_1_6' title='bbox 784 542 918 626; x_wconf 87' lang='lat' dir='ltr'>triginta</span> <span class='ocrx_word' id='word_1_7' title='bbox 955 539 1018 604; x_wconf 91' lang='lat' dir='ltr'>duo</span> <span class='ocrx_word' id='word_1_8' title='bbox 1056 535 1260 619; x_wconf 71' lang='lat' dir='ltr'>substantiva</span> <span class='ocrx_word' id='word_1_9' title='bbox 1304 553 1309 614; x_wconf 73' lang='lat' dir='ltr'>r</span> 
     </span>
     <span class='ocr_line' id='line_1_3' title="bbox 150 643 1309 739; baseline -0.018 -13"><span class='ocrx_word' id='word_1_10' title='bbox 150 660 263 726; x_wconf 89' lang='lat' dir='ltr'>decem</span> <span class='ocrx_word' id='word_1_11' title='bbox 286 657 466 739; x_wconf 85' lang='lat' dir='ltr'>adiectiua,</span> <span class='ocrx_word' id='word_1_12' title='bbox 491 655 602 720; x_wconf 88' lang='lat' dir='ltr'>decem</span> <span class='ocrx_word' id='word_1_13' title='bbox 626 651 796 731; x_wconf 87' lang='lat' dir='ltr'>adverbia,</span> <span class='ocrx_word' id='word_1_14' title='bbox 826 669 941 714; x_wconf 87' lang='lat' dir='ltr'>novem</span> <span class='ocrx_word' id='word_1_15' title='bbox 964 647 1064 712; x_wconf 88' lang='lat' dir='ltr'>verba</span> <span class='ocrx_word' id='word_1_16' title='bbox 1087 643 1262 709; x_wconf 79' lang='lat' dir='ltr'>Latinam</span> <span class='ocrx_word' id='word_1_17' title='bbox 1305 680 1309 720; x_wconf 49' lang='grc' dir='ltr'>ν</span> 
     </span>
     <span class='ocr_line' id='line_1_4' title="bbox 149 753 1309 848; baseline -0.018 -17"><span class='ocrx_word' id='word_1_18' title='bbox 149 766 287 832; x_wconf 90' lang='lat' dir='ltr'>Plauto</span> <span class='ocrx_word' id='word_1_19' title='bbox 310 763 499 848; x_wconf 79' lang='lat' dir='ltr'>praecipue,</span> <span class='ocrx_word' id='word_1_20' title='bbox 525 760 727 836; x_wconf 81' lang='lat' dir='ltr'>Cicerone,</span> <span class='ocrx_word' id='word_1_21' title='bbox 756 755 942 821; x_wconf 90' lang='lat' dir='ltr'>Iuvenale</span> <span class='ocrx_word' id='word_1_22' title='bbox 970 753 1164 837; x_wconf 90' lang='lat' dir='ltr'>deprompta</span> <span class='ocrx_word' id='word_1_23' title='bbox 1189 768 1261 814; x_wconf 92' lang='lat' dir='ltr'>com·</span> <span class='ocrx_word' id='word_1_24' title='bbox 1308 794 1309 823; x_wconf 82' lang='lat'>,</span> 
     </span>
     <span class='ocr_line' id='line_1_5' title="bbox 149 855 1262 953; baseline -0.016 -16"><span class='ocrx_word' id='word_1_25' title='bbox 149 876 378 953; x_wconf 89' lang='lat' dir='ltr'>memorantur,</span> <span class='ocrx_word' id='word_1_26' title='bbox 410 887 494 952; x_wconf 91' lang='lat' dir='ltr'>quae</span> <span class='ocrx_word' id='word_1_27' title='bbox 533 887 573 932; x_wconf 84' lang='lat' dir='ltr'>ex</span> <span class='ocrx_word' id='word_1_28' title='bbox 605 865 717 948; x_wconf 90' lang='lat' dir='ltr'>lingua</span> <span class='ocrx_word' id='word_1_29' title='bbox 749 863 877 929; x_wconf 80' lang='lat' dir='ltr'>Graeca</span> <span class='ocrx_word' id='word_1_30' title='bbox 908 862 942 925; x_wconf 93' lang='lat' dir='ltr'>in</span> <span class='ocrx_word' id='word_1_31' title='bbox 975 859 1101 924; x_wconf 89' lang='lat' dir='ltr'>litteras</span> <span class='ocrx_word' id='word_1_32' title='bbox 1135 855 1262 920; x_wconf 88' lang='lat' dir='ltr'>Latinas</span> 
     </span>
     <span class='ocr_line' id='line_1_6' title="bbox 149 965 1071 1056; baseline -0.012 -12"><span class='ocrx_word' id='word_1_33' title='bbox 149 978 306 1044; x_wconf 82' lang='lat' dir='ltr'>transisse</span> <span class='ocrx_word' id='word_1_34' title='bbox 329 995 422 1042; x_wconf 94' lang='lat' dir='ltr'>nemo</span> <span class='ocrx_word' id='word_1_35' title='bbox 446 994 487 1039; x_wconf 93' lang='lat' dir='ltr'>ne</span> <span class='ocrx_word' id='word_1_36' title='bbox 510 979 620 1039; x_wconf 91' lang='lat' dir='ltr'>nostra</span> <span class='ocrx_word' id='word_1_37' title='bbox 643 970 774 1056; x_wconf 90' lang='lat' dir='ltr'>quidem</span> <span class='ocrx_word' id='word_1_38' title='bbox 798 975 906 1035; x_wconf 89' lang='lat' dir='ltr'>aetate</span> <span class='ocrx_word' id='word_1_39' title='bbox 930 965 1071 1049; x_wconf 82' lang='lat' dir='ltr'>negabit.</span> 
     </span>
    </p>
   </div>
   <div class='ocr_carea' id='block_1_3' title="bbox 149 1088 1278 2147">
    <p class='ocr_par' dir='ltr' id='par_1_3' title="bbox 149 1088 1278 2147">
     <span class='ocr_line' id='line_1_7' title="bbox 215 1088 1263 1178; baseline -0.015 -11"><span class='ocrx_word' id='word_1_40' title='bbox 215 1104 295 1167; x_wconf 85' lang='lat' dir='ltr'>Post</span> <span class='ocrx_word' id='word_1_41' title='bbox 326 1099 411 1166; x_wconf 93' lang='lat' dir='ltr'>hunc</span> <span class='ocrx_word' id='word_1_42' title='bbox 444 1098 559 1164; x_wconf 90' lang='lat' dir='ltr'>eadem</span> <span class='ocrx_word' id='word_1_43' title='bbox 593 1096 635 1162; x_wconf 91' lang='lat' dir='ltr'>de</span> <span class='ocrx_word' id='word_1_44' title='bbox 666 1116 702 1161; x_wconf 91' lang='lat' dir='ltr'>re</span> <span class='ocrx_word' id='word_1_45' title='bbox 736 1095 802 1178; x_wconf 90' lang='lat' dir='ltr'>egit</span> <span class='ocrx_word' id='word_1_46' title='bbox 834 1092 951 1159; x_wconf 81' lang='lat' dir='ltr'>Christ.</span> <span class='ocrx_word' id='word_1_47' title='bbox 985 1089 1189 1155; x_wconf 90' lang='lat' dir='ltr'>Daumius:</span> <span class='ocrx_word' id='word_1_48' title='bbox 1223 1088 1263 1150; x_wconf 87' lang='lat' dir='ltr'>De</span> 
     </span>
     <span class='ocr_line' id='line_1_8' title="bbox 153 1193 1264 1287; baseline -0.015 -12"><span class='ocrx_word' id='word_1_49' title='bbox 153 1209 262 1275; x_wconf 89' lang='lat' dir='ltr'>causis</span> <span class='ocrx_word' id='word_1_50' title='bbox 285 1207 479 1273; x_wconf 88' lang='lat' dir='ltr'>amissarum</span> <span class='ocrx_word' id='word_1_51' title='bbox 506 1202 707 1287; x_wconf 90' lang='lat' dir='ltr'>quarundam</span> <span class='ocrx_word' id='word_1_52' title='bbox 734 1201 871 1278; x_wconf 81' lang='lat' dir='ltr'>Latinae</span> <span class='ocrx_word' id='word_1_53' title='bbox 898 1200 1031 1281; x_wconf 83' lang='lat' dir='ltr'>linguae</span> <span class='ocrx_word' id='word_1_54' title='bbox 1055 1195 1205 1261; x_wconf 89' lang='lat' dir='ltr'>radicum</span> <span class='ocrx_word' id='word_1_55' title='bbox 1226 1193 1264 1258; x_wconf 89' lang='lat' dir='ltr'>uti</span> 
     </span>
     <span class='ocr_line' id='line_1_9' title="bbox 151 1300 1264 1391; baseline -0.014 -10"><span class='ocrx_word' id='word_1_56' title='bbox 151 1323 183 1382; x_wconf 91' lang='lat' dir='ltr'>et</span> <span class='ocrx_word' id='word_1_57' title='bbox 205 1315 377 1380; x_wconf 91' lang='lat' dir='ltr'>multarum</span> <span class='ocrx_word' id='word_1_58' title='bbox 397 1333 511 1378; x_wconf 92' lang='lat' dir='ltr'>vocum</span> <span class='ocrx_word' id='word_1_59' title='bbox 531 1310 758 1375; x_wconf 86' lang='lat' dir='ltr'>derivatarum.</span> <span class='ocrx_word' id='word_1_60' title='bbox 797 1307 951 1391; x_wconf 86' lang='lat' dir='ltr'>Cygneae</span> <span class='ocrx_word' id='word_1_61' title='bbox 972 1307 1067 1390; x_wconf 78' lang='lat'>1642,</span> <span class='ocrx_word' id='word_1_62' title='bbox 1092 1323 1167 1388; x_wconf 89' lang='lat' dir='ltr'>cap.</span> <span class='ocrx_word' id='word_1_63' title='bbox 1185 1300 1264 1368; x_wconf 81' lang='lat' dir='ltr'>XIV:</span> 
     </span>
     <span class='ocr_line' id='line_1_10' title="bbox 154 1409 1265 1489; baseline -0.013 -1"><span class='ocrx_word' id='word_1_64' title='bbox 154 1423 408 1488; x_wconf 84' lang='lat' dir='ltr'>›Graecarum</span> <span class='ocrx_word' id='word_1_65' title='bbox 435 1438 568 1484; x_wconf 86' lang='lat' dir='ltr'>uocum</span> <span class='ocrx_word' id='word_1_66' title='bbox 596 1414 868 1482; x_wconf 82' lang='lat' dir='ltr'>introductio.‹</span> <span class='ocrx_word' id='word_1_67' title='bbox 918 1412 988 1489; x_wconf 75' lang='lat' dir='ltr'>Quo</span> <span class='ocrx_word' id='word_1_68' title='bbox 1016 1412 1087 1476; x_wconf 91' lang='lat' dir='ltr'>loco</span> <span class='ocrx_word' id='word_1_69' title='bbox 1111 1409 1265 1476; x_wconf 86' lang='lat' dir='ltr'>vocabula</span> 
     </span>
     <span class='ocr_line' id='line_1_11' title="bbox 151 1517 1278 1602; baseline -0.013 -6"><span class='ocrx_word' id='word_1_70' title='bbox 151 1531 279 1596; x_wconf 80' lang='lat' dir='ltr'>Graeca</span> <span class='ocrx_word' id='word_1_71' title='bbox 302 1549 373 1602; x_wconf 90' lang='lat' dir='ltr'>cum</span> <span class='ocrx_word' id='word_1_72' title='bbox 396 1526 610 1591; x_wconf 91' lang='lat' dir='ltr'>nominatum</span> <span class='ocrx_word' id='word_1_73' title='bbox 630 1524 729 1589; x_wconf 86' lang='lat' dir='ltr'>verba</span> <span class='ocrx_word' id='word_1_74' title='bbox 753 1530 980 1588; x_wconf 86' lang='lat' dir='ltr'>enumerantur</span> <span class='ocrx_word' id='word_1_75' title='bbox 999 1526 1031 1585; x_wconf 93' lang='lat' dir='ltr'>et</span> <span class='ocrx_word' id='word_1_76' title='bbox 1050 1539 1122 1584; x_wconf 88' lang='lat' dir='ltr'>cum</span> <span class='ocrx_word' id='word_1_77' title='bbox 1145 1517 1278 1584; x_wconf 88' lang='lat' dir='ltr'>Latinis.</span> 
     </span>
     <span class='ocr_line' id='line_1_12' title="bbox 151 1627 1267 1720; baseline -0.012 -18"><span class='ocrx_word' id='word_1_78' title='bbox 151 1642 384 1720; x_wconf 92' lang='lat' dir='ltr'>componuntur</span> <span class='ocrx_word' id='word_1_79' title='bbox 403 1639 460 1697; x_wconf 91' lang='lat' dir='ltr'>aut</span> <span class='ocrx_word' id='word_1_80' title='bbox 483 1631 658 1697; x_wconf 88' lang='lat' dir='ltr'>seeundum</span> <span class='ocrx_word' id='word_1_81' title='bbox 682 1650 800 1714; x_wconf 90' lang='lat' dir='ltr'>synon</span> <span class='ocrx_word' id='word_1_82' title='bbox 807 1629 964 1714; x_wconf 88' lang='lat' dir='ltr'>ymiam,</span> <span class='ocrx_word' id='word_1_83' title='bbox 989 1627 1072 1691; x_wconf 90' lang='lat' dir='ltr'>sicut</span> <span class='ocrx_word' id='word_1_84' title='bbox 1096 1629 1267 1692; x_wconf 76' lang='lat' dir='ltr'>annectere</span> 
     </span>
     <span class='ocr_line' id='line_1_13' title="bbox 151 1736 1267 1824; baseline -0.009 -16"><span class='ocrx_word' id='word_1_85' title='bbox 151 1762 223 1808; x_wconf 93' lang='lat' dir='ltr'>cum</span> <span class='ocrx_word' id='word_1_86' title='bbox 241 1742 339 1807; x_wconf 86' lang='lat' dir='ltr'>verbo</span> <span class='ocrx_word' id='word_1_87' title='bbox 354 1749 476 1824; x_wconf 70' lang='lat' dir='ltr'>coitura,</span> <span class='ocrx_word' id='word_1_88' title='bbox 495 1740 700 1822; x_wconf 80' lang='lat' dir='ltr'>upoiociiaurc</span> <span class='ocrx_word' id='word_1_89' title='bbox 719 1758 789 1802; x_wconf 94' lang='lat' dir='ltr'>cum</span> <span class='ocrx_word' id='word_1_90' title='bbox 807 1736 906 1801; x_wconf 86' lang='lat' dir='ltr'>verbo</span> <span class='ocrx_word' id='word_1_91' title='bbox 925 1737 1043 1800; x_wconf 81' lang='lat' dir='ltr'>mollire</span> <span class='ocrx_word' id='word_1_92' title='bbox 1057 1740 1267 1817; x_wconf 87' lang='lat' dir='ltr'>comparatur,</span> 
     </span>
     <span class='ocr_line' id='line_1_14' title="bbox 151 1840 1267 1931; baseline -0.011 -16"><span class='ocrx_word' id='word_1_93' title='bbox 151 1856 208 1915; x_wconf 92' lang='lat' dir='ltr'>aut</span> <span class='ocrx_word' id='word_1_94' title='bbox 227 1847 401 1913; x_wconf 91' lang='lat' dir='ltr'>secundum</span> <span class='ocrx_word' id='word_1_95' title='bbox 422 1845 711 1931; x_wconf 85' lang='lat' dir='ltr'>etymologiam,</span> <span class='ocrx_word' id='word_1_96' title='bbox 736 1865 807 1911; x_wconf 93' lang='lat' dir='ltr'>cum</span> <span class='ocrx_word' id='word_1_97' title='bbox 825 1843 943 1908; x_wconf 87' lang='lat' dir='ltr'>Latina</span> <span class='ocrx_word' id='word_1_98' title='bbox 962 1862 1002 1906; x_wconf 85' lang='lat' dir='ltr'>ex</span> <span class='ocrx_word' id='word_1_99' title='bbox 1022 1841 1158 1907; x_wconf 85' lang='lat' dir='ltr'>Graecis</span> <span class='ocrx_word' id='word_1_100' title='bbox 1176 1840 1267 1906; x_wconf 89' lang='lat' dir='ltr'>ducta</span> 
     </span>
     <span class='ocr_line' id='line_1_15' title="bbox 151 1950 1266 2040; baseline -0.004 -20"><span class='ocrx_word' id='word_1_101' title='bbox 151 1955 389 2040; x_wconf 87' lang='lat' dir='ltr'>perhibeantur,</span> <span class='ocrx_word' id='word_1_102' title='bbox 413 1956 502 2020; x_wconf 91' lang='lat' dir='ltr'>velut</span> <span class='ocrx_word' id='word_1_103' title='bbox 524 1958 650 2019; x_wconf 81' lang='lat' dir='ltr'>miscere</span> <span class='ocrx_word' id='word_1_104' title='bbox 673 1973 713 2018; x_wconf 83' lang='lat' dir='ltr'>ex</span> <span class='ocrx_word' id='word_1_105' title='bbox 737 1959 886 2040; x_wconf 74' lang='grc' dir='ltr'>μίσγειν,</span> <span class='ocrx_word' id='word_1_106' title='bbox 912 1961 1039 2016; x_wconf 74' lang='lat' dir='ltr'>tramae</span> <span class='ocrx_word' id='word_1_107' title='bbox 1057 1970 1097 2015; x_wconf 83' lang='lat' dir='ltr'>ex</span> <span class='ocrx_word' id='word_1_108' title='bbox 1116 1950 1266 2036; x_wconf 77' lang='grc' dir='ltr'>τρέμειν,</span> 
     </span>
     <span class='ocr_line' id='line_1_16' title="bbox 149 2062 979 2147; baseline -0.006 -20"><span class='ocrx_word' id='word_1_109' title='bbox 149 2065 264 2127; x_wconf 78' lang='lat' dir='ltr'>cllaurc</span> <span class='ocrx_word' id='word_1_110' title='bbox 287 2082 327 2127; x_wconf 83' lang='lat' dir='ltr'>ex</span> <span class='ocrx_word' id='word_1_111' title='bbox 349 2062 497 2140; x_wconf 79' lang='grc' dir='ltr'>κλίνειν,</span> <span class='ocrx_word' id='word_1_112' title='bbox 517 2064 690 2147; x_wconf 78' lang='lat' dir='ltr'>periculum</span> <span class='ocrx_word' id='word_1_113' title='bbox 713 2080 753 2124; x_wconf 84' lang='lat' dir='ltr'>ex</span> <span class='ocrx_word' id='word_1_114' title='bbox 775 2063 979 2144; x_wconf 75' lang='grc' dir='ltr'>πειρᾶσθαι.</span> 
     </span>
    </p>
   </div>
   <div class='ocr_carea' id='block_1_4' title="bbox 151 2182 1268 2486">
    <p class='ocr_par' dir='ltr' id='par_1_4' title="bbox 151 2182 1268 2486">
     <span class='ocr_line' id='line_1_17' title="bbox 218 2182 1268 2269; baseline -0.003 -18"><span class='ocrx_word' id='word_1_115' title='bbox 218 2187 348 2252; x_wconf 88' lang='lat' dir='ltr'>Minime</span> <span class='ocrx_word' id='word_1_116' title='bbox 371 2188 495 2266; x_wconf 93' lang='lat' dir='ltr'>mirum,</span> <span class='ocrx_word' id='word_1_117' title='bbox 520 2187 547 2253; x_wconf 97' lang='lat' dir='ltr'>si</span> <span class='ocrx_word' id='word_1_118' title='bbox 572 2185 634 2251; x_wconf 91' lang='lat' dir='ltr'>hae</span> <span class='ocrx_word' id='word_1_119' title='bbox 654 2205 706 2251; x_wconf 91' lang='lat' dir='ltr'>res</span> <span class='ocrx_word' id='word_1_120' title='bbox 726 2192 818 2250; x_wconf 91' lang='lat' dir='ltr'>erant</span> <span class='ocrx_word' id='word_1_121' title='bbox 836 2185 1022 2269; x_wconf 92' lang='lat' dir='ltr'>plerumque</span> <span class='ocrx_word' id='word_1_122' title='bbox 1042 2182 1153 2250; x_wconf 84' lang='lat' dir='ltr'>futiles</span> <span class='ocrx_word' id='word_1_123' title='bbox 1173 2192 1268 2269; x_wconf 89' lang='lat' dir='ltr'>atque</span> 
     </span>
     <span class='ocr_line' id='line_1_18' title="bbox 151 2279 1266 2378; baseline -0.002 -20"><span class='ocrx_word' id='word_1_124' title='bbox 151 2279 282 2378; x_wconf 85' lang='lat' dir='ltr'>inancs;</span> <span class='ocrx_word' id='word_1_125' title='bbox 315 2293 379 2358; x_wconf 92' lang='lat' dir='ltr'>illis</span> <span class='ocrx_word' id='word_1_126' title='bbox 407 2294 491 2357; x_wconf 90' lang='lat' dir='ltr'>enim</span> <span class='ocrx_word' id='word_1_127' title='bbox 520 2293 718 2377; x_wconf 83' lang='lat' dir='ltr'>temporibus</span> <span class='ocrx_word' id='word_1_128' title='bbox 751 2293 985 2374; x_wconf 88' lang='lat' dir='ltr'>grammaticae</span> <span class='ocrx_word' id='word_1_129' title='bbox 1018 2293 1266 2375; x_wconf 88' lang='lat' dir='ltr'>comparativae,</span> 
     </span>
     <span class='ocr_line' id='line_1_19' title="bbox 152 2398 790 2486; baseline 0 -21"><span class='ocrx_word' id='word_1_130' title='bbox 152 2420 236 2484; x_wconf 90' lang='lat' dir='ltr'>quae</span> <span class='ocrx_word' id='word_1_131' title='bbox 260 2398 386 2486; x_wconf 91' lang='lat' dir='ltr'>dieitur,</span> <span class='ocrx_word' id='word_1_132' title='bbox 411 2399 466 2465; x_wconf 84' lang='lat' dir='ltr'>fax</span> <span class='ocrx_word' id='word_1_133' title='bbox 489 2399 629 2466; x_wconf 88' lang='lat' dir='ltr'>nondum</span> <span class='ocrx_word' id='word_1_134' title='bbox 653 2400 790 2466; x_wconf 90' lang='lat' dir='ltr'>lucebat.</span> 
     </span>
    </p>
   </div>
   <div class='ocr_carea' id='block_1_5' title="bbox 152 2524 1271 3464">
    <p class='ocr_par' dir='ltr' id='par_1_5' title="bbox 152 2524 1271 3464">
     <span class='ocr_line' id='line_1_20' title="bbox 218 2524 1267 2609; baseline 0.001 -20"><span class='ocrx_word' id='word_1_135' title='bbox 218 2524 345 2591; x_wconf 91' lang='lat' dir='ltr'>Deinde</span> <span class='ocrx_word' id='word_1_136' title='bbox 369 2526 575 2592; x_wconf 82' lang='lat' dir='ltr'>occasione</span> <span class='ocrx_word' id='word_1_137' title='bbox 595 2524 687 2590; x_wconf 89' lang='lat' dir='ltr'>data</span> <span class='ocrx_word' id='word_1_138' title='bbox 706 2524 747 2591; x_wconf 91' lang='lat' dir='ltr'>de</span> <span class='ocrx_word' id='word_1_139' title='bbox 767 2525 898 2589; x_wconf 90' lang='lat' dir='ltr'>vocibus</span> <span class='ocrx_word' id='word_1_140' title='bbox 918 2524 1052 2590; x_wconf 83' lang='lat' dir='ltr'>Graecis</span> <span class='ocrx_word' id='word_1_141' title='bbox 1072 2526 1104 2588; x_wconf 93' lang='lat' dir='ltr'>in</span> <span class='ocrx_word' id='word_1_142' title='bbox 1125 2525 1267 2609; x_wconf 87' lang='lat' dir='ltr'>linguam</span> 
     </span>
     <span class='ocr_line' id='line_1_21' title="bbox 153 2630 1268 2718; baseline 0 -22"><span class='ocrx_word' id='word_1_143' title='bbox 153 2631 302 2696; x_wconf 88' lang='lat' dir='ltr'>Latinam</span> <span class='ocrx_word' id='word_1_144' title='bbox 317 2631 457 2718; x_wconf 91' lang='lat' dir='ltr'>receptis</span> <span class='ocrx_word' id='word_1_145' title='bbox 472 2652 579 2716; x_wconf 93' lang='lat' dir='ltr'>pauca</span> <span class='ocrx_word' id='word_1_146' title='bbox 594 2630 743 2696; x_wconf 83' lang='lat' dir='ltr'>dixerunt</span> <span class='ocrx_word' id='word_1_147' title='bbox 762 2631 856 2695; x_wconf 88' lang='lat' dir='ltr'>Phil.</span> <span class='ocrx_word' id='word_1_148' title='bbox 875 2632 1094 2714; x_wconf 89' lang='lat' dir='ltr'>Buttmann,</span> <span class='ocrx_word' id='word_1_149' title='bbox 1119 2630 1158 2697; x_wconf 78' lang='lat' dir='ltr'>G.</span> <span class='ocrx_word' id='word_1_150' title='bbox 1181 2633 1268 2699; x_wconf 86' lang='lat' dir='ltr'>Her·</span> 
     </span>
     <span class='ocr_line' id='line_1_22' title="bbox 153 2736 1269 2823; baseline 0.001 -21"><span class='ocrx_word' id='word_1_151' title='bbox 153 2757 275 2823; x_wconf 90' lang='lat' dir='ltr'>mann,</span> <span class='ocrx_word' id='word_1_152' title='bbox 292 2738 459 2822; x_wconf 86' lang='lat' dir='ltr'>Lobeek,</span> <span class='ocrx_word' id='word_1_153' title='bbox 474 2736 724 2819; x_wconf 74' lang='lat' dir='ltr'>Doederlein,</span> <span class='ocrx_word' id='word_1_154' title='bbox 740 2737 850 2802; x_wconf 91' lang='lat' dir='ltr'>sedne</span> <span class='ocrx_word' id='word_1_155' title='bbox 865 2738 897 2801; x_wconf 98' lang='lat' dir='ltr'>hi</span> <span class='ocrx_word' id='word_1_156' title='bbox 913 2737 1042 2821; x_wconf 92' lang='lat' dir='ltr'>quidem</span> <span class='ocrx_word' id='word_1_157' title='bbox 1055 2737 1116 2803; x_wconf 85' lang='lat' dir='ltr'>viri</span> <span class='ocrx_word' id='word_1_158' title='bbox 1132 2739 1269 2806; x_wconf 91' lang='lat' dir='ltr'>eminen-</span> 
     </span>
     <span class='ocr_line' id='line_1_23' title="bbox 153 2842 1270 2927; baseline 0.002 -17"><span class='ocrx_word' id='word_1_159' title='bbox 153 2844 271 2910; x_wconf 92' lang='lat' dir='ltr'>tissimi</span> <span class='ocrx_word' id='word_1_160' title='bbox 295 2852 327 2909; x_wconf 93' lang='lat' dir='ltr'>et</span> <span class='ocrx_word' id='word_1_161' title='bbox 355 2844 628 2927; x_wconf 82' lang='lat' dir='ltr'>de-antiquitatis</span> <span class='ocrx_word' id='word_1_162' title='bbox 657 2842 772 2909; x_wconf 91' lang='lat' dir='ltr'>studiis</span> <span class='ocrx_word' id='word_1_163' title='bbox 800 2845 997 2910; x_wconf 88' lang='lat' dir='ltr'>meritissimi</span> <span class='ocrx_word' id='word_1_164' title='bbox 1026 2844 1069 2910; x_wconf 89' lang='lat' dir='ltr'>ad</span> <span class='ocrx_word' id='word_1_165' title='bbox 1098 2844 1184 2912; x_wconf 91' lang='lat' dir='ltr'>hanc</span> <span class='ocrx_word' id='word_1_166' title='bbox 1208 2867 1270 2913; x_wconf 89' lang='lat' dir='ltr'>rem</span> 
     </span>
     <span class='ocr_line' id='line_1_24' title="bbox 153 2950 1269 3038; baseline 0.001 -21"><span class='ocrx_word' id='word_1_167' title='bbox 153 2950 413 3038; x_wconf 89' lang='lat' dir='ltr'>perspiciendam</span> <span class='ocrx_word' id='word_1_168' title='bbox 436 2959 535 3034; x_wconf 89' lang='lat' dir='ltr'>atque</span> <span class='ocrx_word' id='word_1_169' title='bbox 555 2950 794 3036; x_wconf 86' lang='lat' dir='ltr'>explanandam</span> <span class='ocrx_word' id='word_1_170' title='bbox 814 2954 947 3017; x_wconf 94' lang='lat' dir='ltr'>multum</span> <span class='ocrx_word' id='word_1_171' title='bbox 962 2952 1176 3037; x_wconf 90' lang='lat' dir='ltr'>contulerunt,</span> <span class='ocrx_word' id='word_1_172' title='bbox 1202 2975 1269 3021; x_wconf 91' lang='lat' dir='ltr'>cum</span> 
     </span>
     <span class='ocr_line' id='line_1_25' title="bbox 154 3057 1270 3142; baseline 0.003 -20"><span class='ocrx_word' id='word_1_173' title='bbox 154 3057 385 3142; x_wconf 86' lang='lat' dir='ltr'>grammaticae</span> <span class='ocrx_word' id='word_1_174' title='bbox 408 3058 650 3140; x_wconf 88' lang='lat' dir='ltr'>comparativae</span> <span class='ocrx_word' id='word_1_175' title='bbox 673 3058 764 3140; x_wconf 92' lang='lat' dir='ltr'>leges</span> <span class='ocrx_word' id='word_1_176' title='bbox 788 3065 845 3123; x_wconf 91' lang='lat' dir='ltr'>aut</span> <span class='ocrx_word' id='word_1_177' title='bbox 868 3059 1008 3124; x_wconf 90' lang='lat' dir='ltr'>nondum</span> <span class='ocrx_word' id='word_1_178' title='bbox 1032 3060 1113 3126; x_wconf 87' lang='lat' dir='ltr'>satis</span> <span class='ocrx_word' id='word_1_179' title='bbox 1137 3072 1270 3129; x_wconf 86' lang='lat' dir='ltr'>nossent</span> 
     </span>
     <span class='ocr_line' id='line_1_26' title="bbox 153 3164 1271 3249; baseline 0.004 -21"><span class='ocrx_word' id='word_1_180' title='bbox 153 3170 216 3248; x_wconf 90' lang='lat' dir='ltr'>aut</span> <span class='ocrx_word' id='word_1_181' title='bbox 233 3164 377 3228; x_wconf 90' lang='lat' dir='ltr'>consulto</span> <span class='ocrx_word' id='word_1_182' title='bbox 402 3170 650 3230; x_wconf 89' lang='lat' dir='ltr'>contemnerent.</span> <span class='ocrx_word' id='word_1_183' title='bbox 696 3164 787 3230; x_wconf 89' lang='lat' dir='ltr'>Haec</span> <span class='ocrx_word' id='word_1_184' title='bbox 810 3165 871 3230; x_wconf 85' lang='lat' dir='ltr'>luit</span> <span class='ocrx_word' id='word_1_185' title='bbox 894 3186 1003 3249; x_wconf 91' lang='lat' dir='ltr'>causa,</span> <span class='ocrx_word' id='word_1_186' title='bbox 1027 3187 1083 3232; x_wconf 90' lang='lat' dir='ltr'>cur</span> <span class='ocrx_word' id='word_1_187' title='bbox 1102 3168 1271 3235; x_wconf 90' lang='lat' dir='ltr'>multorum</span> 
     </span>
     <span class='ocr_line' id='line_1_27' title="bbox 152 3269 1271 3354; baseline 0.008 -21"><span class='ocrx_word' id='word_1_188' title='bbox 152 3269 395 3354; x_wconf 86' lang='lat' dir='ltr'>vocabulorum,</span> <span class='ocrx_word' id='word_1_189' title='bbox 418 3289 503 3353; x_wconf 90' lang='lat' dir='ltr'>quae</span> <span class='ocrx_word' id='word_1_190' title='bbox 530 3290 606 3335; x_wconf 85' lang='lat' dir='ltr'>vere</span> <span class='ocrx_word' id='word_1_191' title='bbox 629 3271 747 3336; x_wconf 87' lang='lat' dir='ltr'>Latina</span> <span class='ocrx_word' id='word_1_192' title='bbox 770 3293 843 3338; x_wconf 91' lang='lat' dir='ltr'>esse</span> <span class='ocrx_word' id='word_1_193' title='bbox 867 3272 929 3339; x_wconf 91' lang='lat' dir='ltr'>hac</span> <span class='ocrx_word' id='word_1_194' title='bbox 957 3281 1065 3339; x_wconf 89' lang='lat' dir='ltr'>aetate</span> <span class='ocrx_word' id='word_1_195' title='bbox 1089 3295 1184 3341; x_wconf 91' lang='lat' dir='ltr'>nemo</span> <span class='ocrx_word' id='word_1_196' title='bbox 1208 3277 1271 3342; x_wconf 90' lang='lat' dir='ltr'>iam</span> 
     </span>
     <span class='ocr_line' id='line_1_28' title="bbox 153 3375 958 3464; baseline 0.01 -25"><span class='ocrx_word' id='word_1_197' title='bbox 153 3375 314 3461; x_wconf 91' lang='lat' dir='ltr'>infitietur,</span> <span class='ocrx_word' id='word_1_198' title='bbox 338 3376 494 3459; x_wconf 85' lang='lat' dir='ltr'>originem</span> <span class='ocrx_word' id='word_1_199' title='bbox 519 3397 592 3442; x_wconf 92' lang='lat' dir='ltr'>esse</span> <span class='ocrx_word' id='word_1_200' title='bbox 616 3377 775 3444; x_wconf 86' lang='lat' dir='ltr'>Graecam</span> <span class='ocrx_word' id='word_1_201' title='bbox 799 3387 958 3464; x_wconf 89' lang='lat' dir='ltr'>putarent.</span> 
     </span>
    </p>
   </div>
   <div class='ocr_carea' id='block_1_6' title="bbox 153 3568 1272 3775">
    <p class='ocr_par' dir='ltr' id='par_1_6' title="bbox 153 3568 1272 3775">
     <span class='ocr_line' id='line_1_29' title="bbox 153 3568 1272 3659; baseline 0.011 -25"><span class='ocrx_word' id='word_1_202' title='bbox 153 3569 185 3652; x_wconf 85' lang='lat' dir='ltr'>b)</span> <span class='ocrx_word' id='word_1_203' title='bbox 217 3568 270 3652; x_wconf 77' lang='lat' dir='ltr'>Qui</span> <span class='ocrx_word' id='word_1_204' title='bbox 299 3571 364 3637; x_wconf 87' lang='lat' dir='ltr'>libri</span> <span class='ocrx_word' id='word_1_205' title='bbox 393 3572 536 3638; x_wconf 87' lang='lat' dir='ltr'>memoria</span> <span class='ocrx_word' id='word_1_206' title='bbox 564 3572 728 3656; x_wconf 73' lang='lat' dir='ltr'>dignissimi</span> <span class='ocrx_word' id='word_1_207' title='bbox 756 3575 919 3643; x_wconf 79' lang='lat' dir='ltr'>secundum</span> <span class='ocrx_word' id='word_1_208' title='bbox 948 3578 1164 3659; x_wconf 72' lang='lat' dir='ltr'>grammaticae</span> <span class='ocrx_word' id='word_1_209' title='bbox 1193 3598 1272 3648; x_wconf 86' lang='lat' dir='ltr'>cour-</span> 
     </span>
     <span class='ocr_line' id='line_1_30' title="bbox 217 3678 1133 3775; baseline 0.011 -33"><span class='ocrx_word' id='word_1_210' title='bbox 217 3771 219 3775; x_wconf 9' lang='lat'><em>*</em></span> <span class='ocrx_word' id='word_1_211' title='bbox 291 3678 446 3759; x_wconf 81' lang='lat' dir='ltr'>paraticas</span> <span class='ocrx_word' id='word_1_212' title='bbox 469 3680 631 3763; x_wconf 86' lang='lat' dir='ltr'>praecepta</span> <span class='ocrx_word' id='word_1_213' title='bbox 655 3682 782 3749; x_wconf 85' lang='lat' dir='ltr'>coniecit</span> <span class='ocrx_word' id='word_1_214' title='bbox 806 3685 843 3750; x_wconf 84' lang='lat' dir='ltr'>rie</span> <span class='ocrx_word' id='word_1_215' title='bbox 866 3686 921 3752; x_wconf 86' lang='lat' dir='ltr'>bac</span> <span class='ocrx_word' id='word_1_216' title='bbox 946 3700 979 3751; x_wconf 87' lang='lat' dir='ltr'>re</span> <span class='ocrx_word' id='word_1_217' title='bbox 1003 3686 1133 3752; x_wconf 88' lang='lat' dir='ltr'>ersieui.</span> 
     </span>
    </p>
   </div>
   <div class='ocr_carea' id='block_1_7' title="bbox 390 3842 1025 3922">
    <p class='ocr_par' dir='ltr' id='par_1_7' title="bbox 390 3842 1025 3922">
     <span class='ocr_line' id='line_1_31' title="bbox 390 3842 1025 3922; baseline 0.014 -20"><span class='ocrx_word' id='word_1_218' title='bbox 390 3842 422 3917; x_wconf 90' lang='grc' dir='ltr'>α)</span> <span class='ocrx_word' id='word_1_219' title='bbox 448 3848 668 3906; x_wconf 84' lang='lat' dir='ltr'>Generatim</span> <span class='ocrx_word' id='word_1_220' title='bbox 694 3858 810 3922; x_wconf 84' lang='lat' dir='ltr'>atque</span> <span class='ocrx_word' id='word_1_221' title='bbox 835 3853 1025 3911; x_wconf 88' lang='lat' dir='ltr'>universe.</span> 
     </span>
    </p>
   </div>
   <div class='ocr_carea' id='block_1_8' title="bbox 153 3961 1275 4480">
    <p class='ocr_par' dir='ltr' id='par_1_8' title="bbox 153 3961 1275 4480">
     <span class='ocr_line' id='line_1_32' title="bbox 169 3961 1272 4054; baseline 0.016 -33"><span class='ocrx_word' id='word_1_222' title='bbox 169 4014 171 4019; x_wconf 93' lang='lat'>.</span> <span class='ocrx_word' id='word_1_223' title='bbox 221 3961 398 4044; x_wconf 89' lang='lat' dir='ltr'>Postquam</span> <span class='ocrx_word' id='word_1_224' title='bbox 441 3965 546 4047; x_wconf 90' lang='lat' dir='ltr'>magis</span> <span class='ocrx_word' id='word_1_225' title='bbox 588 3967 758 4050; x_wconf 90' lang='lat' dir='ltr'>magisque</span> <span class='ocrx_word' id='word_1_226' title='bbox 794 3967 990 4036; x_wconf 89' lang='lat' dir='ltr'>intellectum</span> <span class='ocrx_word' id='word_1_227' title='bbox 1029 3977 1092 4054; x_wconf 90' lang='lat' dir='ltr'>est,</span> <span class='ocrx_word' id='word_1_228' title='bbox 1133 3981 1272 4054; x_wconf 89' lang='lat' dir='ltr'>quantus</span> 
     </span>
     <span class='ocr_line' id='line_1_33' title="bbox 155 4067 1273 4162; baseline 0.013 -32"><span class='ocrx_word' id='word_1_229' title='bbox 155 4067 276 4132; x_wconf 83' lang='lat' dir='ltr'>tructus</span> <span class='ocrx_word' id='word_1_230' title='bbox 304 4087 349 4132; x_wconf 84' lang='lat' dir='ltr'>ex</span> <span class='ocrx_word' id='word_1_231' title='bbox 377 4069 593 4152; x_wconf 91' lang='lat' dir='ltr'>linguarum</span> <span class='ocrx_word' id='word_1_232' title='bbox 621 4082 871 4154; x_wconf 87' lang='lat' dir='ltr'>cognatarum</span> <span class='ocrx_word' id='word_1_233' title='bbox 905 4079 1202 4162; x_wconf 88' lang='lat' dir='ltr'>comparatione</span> <span class='ocrx_word' id='word_1_234' title='bbox 1233 4079 1273 4146; x_wconf 90' lang='lat' dir='ltr'>ad</span> 
     </span>
     <span class='ocr_line' id='line_1_34' title="bbox 154 4173 1273 4268; baseline 0.014 -32"><span class='ocrx_word' id='word_1_235' title='bbox 154 4192 264 4238; x_wconf 84' lang='lat' dir='ltr'>earum</span> <span class='ocrx_word' id='word_1_236' title='bbox 288 4173 378 4258; x_wconf 89' lang='lat' dir='ltr'>leges</span> <span class='ocrx_word' id='word_1_237' title='bbox 402 4183 435 4241; x_wconf 90' lang='lat' dir='ltr'>et</span> <span class='ocrx_word' id='word_1_238' title='bbox 458 4177 526 4242; x_wconf 89' lang='lat' dir='ltr'>sata</span> <span class='ocrx_word' id='word_1_239' title='bbox 548 4179 775 4260; x_wconf 85' lang='lat' dir='ltr'>cognoscenda</span> <span class='ocrx_word' id='word_1_240' title='bbox 793 4183 916 4267; x_wconf 91' lang='lat' dir='ltr'>percipi</span> <span class='ocrx_word' id='word_1_241' title='bbox 936 4184 1049 4268; x_wconf 87' lang='lat' dir='ltr'>possit,</span> <span class='ocrx_word' id='word_1_242' title='bbox 1072 4186 1198 4268; x_wconf 90' lang='lat' dir='ltr'>primus</span> <span class='ocrx_word' id='word_1_243' title='bbox 1224 4209 1273 4255; x_wconf 86' lang='lat' dir='ltr'>ex·</span> 
     </span>
     <span class='ocr_line' id='line_1_35' title="bbox 153 4280 1274 4377; baseline 0.013 -32"><span class='ocrx_word' id='word_1_244' title='bbox 153 4280 237 4345; x_wconf 88' lang='lat' dir='ltr'>stitit</span> <span class='ocrx_word' id='word_1_245' title='bbox 259 4281 377 4365; x_wconf 79' lang='lat' dir='ltr'>Georg.</span> <span class='ocrx_word' id='word_1_246' title='bbox 403 4283 571 4368; x_wconf 82' lang='lat' dir='ltr'>Curtius,</span> <span class='ocrx_word' id='word_1_247' title='bbox 595 4285 650 4367; x_wconf 91' lang='lat' dir='ltr'>qui</span> <span class='ocrx_word' id='word_1_248' title='bbox 669 4288 815 4353; x_wconf 92' lang='lat' dir='ltr'>oratione</span> <span class='ocrx_word' id='word_1_249' title='bbox 831 4290 863 4353; x_wconf 93' lang='lat' dir='ltr'>in</span> <span class='ocrx_word' id='word_1_250' title='bbox 878 4290 1013 4356; x_wconf 91' lang='lat' dir='ltr'>concilio</span> <span class='ocrx_word' id='word_1_251' title='bbox 1034 4291 1274 4377; x_wconf 89' lang='lat' dir='ltr'>philologorum</span> 
     </span>
     <span class='ocr_line' id='line_1_36' title="bbox 155 4386 1275 4480; baseline 0.019 -31"><span class='ocrx_word' id='word_1_252' title='bbox 155 4386 331 4472; x_wconf 86' lang='lat' dir='ltr'>Hamburgi</span> <span class='ocrx_word' id='word_1_253' title='bbox 346 4408 430 4454; x_wconf 89' lang='lat' dir='ltr'>anno</span> <span class='ocrx_word' id='word_1_254' title='bbox 445 4393 528 4457; x_wconf 82' lang='lat'>1855</span> <span class='ocrx_word' id='word_1_255' title='bbox 544 4391 669 4456; x_wconf 87' lang='lat' dir='ltr'>habita:</span> <span class='ocrx_word' id='word_1_256' title='bbox 689 4395 988 4480; x_wconf 80' lang='lat' dir='ltr'>»Andeutungen</span> <span class='ocrx_word' id='word_1_257' title='bbox 1002 4399 1082 4462; x_wconf 89' lang='lat' dir='ltr'>iiber</span> <span class='ocrx_word' id='word_1_258' title='bbox 1097 4399 1169 4466; x_wconf 88' lang='lat' dir='ltr'>das</span> <span class='ocrx_word' id='word_1_259' title='bbox 1185 4403 1275 4470; x_wconf 91' lang='lat' dir='ltr'>Ver·</span> 
     </span>
    </p>
   </div>
   <div class='ocr_carea' id='block_1_9' title="bbox 0 0 1428 5002">
    <p class='ocr_par' dir='ltr' id='par_1_9' title="bbox 0 0 1428 5002">
     <span class='ocr_line' id='line_1_37' title="bbox 0 0 1428 5002; baseline 0 0"><span class='ocrx_word' id='word_1_260' title='bbox 0 0 1428 5002; x_wconf 95' lang='lat' dir='ltr'> </span> 
     </span>
    </p>
   </div>
  </div>
 </body>
</html>
