2858 5002
700 331 743 398 84

160 523 239 595 BB.
277 524 432 614 Quibus
471 523 573 594 locis
610 525 774 594 nomina
807 523 962 593 Graeca
993 523 1038 593 in
1072 522 1289 593 Iuvenalis

200 632 352 702 saturis
376 631 510 702 dedita
535 650 655 718 opera
678 630 893 701 videantur
916 633 1110 716 usurpata
1133 650 1241 700 esse.

227 776 466 863 Saepenumero
489 796 542 843 res
565 775 612 841 ita
635 776 783 841 instituta
807 783 867 859 est,
890 780 925 840 nt
947 795 1011 841 ncn
1029 775 1195 860 possimus
1219 796 1287 841 non

160 882 339 949 concedere
371 884 413 949 ab
445 882 599 948 Iuvenale
633 882 763 948 nomina
791 881 919 948 Graeca
952 888 983 948 et
1015 881 1220 968 appellativa
1254 889 1287 948 et

159 990 290 1075 propria
315 990 356 1056 de
379 989 539 1055 industria
561 989 594 1053 in
619 997 747 1056 saturas
772 998 904 1076 recepta
920 1009 1003 1056 esse.
1041 988 1085 1054 ld
1109 986 1285 1074 plerum·

158 1116 229 1179 qne
248 1095 591 1186 animadvertimus
610 1097 659 1161 iis
678 1095 790 1179 locis,
814 1097 955 1180 quibus
973 1103 1090 1180 poeta
1109 1115 1178 1181 per
1196 1096 1283 1160 irri-

158 1202 303 1269 sionem
336 1223 380 1269 ac
411 1202 620 1268 ludibrium
657 1209 723 1269 aut
758 1223 825 1288 per
860 1201 986 1268 odium
1018 1210 1135 1287 atque
1168 1222 1283 1269 acer·

158 1309 318 1376 bitatem
350 1310 534 1394 loquitur3
568 1330 753 1394 nusquam
786 1311 866 1377 fere
898 1310 1090 1376 vocabula
1125 1309 1285 1376 Graeca

157 1416 333 1482 consulto
354 1423 542 1502 usurpata
562 1419 647 1483 sine
665 1417 800 1500 aliqua
821 1416 1094 1500 indignatione
1109 1437 1154 1482 ac
1170 1416 1281 1482 dica·

157 1523 278 1589 citate
302 1531 366 1589 aut
390 1525 472 1590 sine
497 1525 629 1608 aliquo
654 1531 872 1609 contemptu
898 1525 1018 1591 saturis
1040 1524 1164 1590 inserta
1193 1531 1280 1591 sunt.

156 1702 176 1767 Ι.
205 1704 301 1769 voces
324 1702 459 1770 Graecae
488 1703 516 1769 in
541 1704 650 1786 poetae
678 1703 791 1770 saturis
816 1704 967 1786 leguntur,
996 1720 1063 1769 eum
1088 1703 1126 1770 de
1150 1702 1281 1771 Graecis

462 1811 514 1876 act
537 1811 574 1875 de
598 1808 689 1877 rebus
712 1809 836 1877 Graecis
860 1811 969 1893 scitur.

222 1932 354 2017 Aliquot
376 1934 457 2001 locis
481 1940 618 2020 apparet
645 1932 808 2001 Iuvenalis
832 1933 959 2000 odium
982 1936 1020 1999 in
1042 1932 1278 2018 Graeculos,

155 2058 288 2122 quornm
313 2041 533 2106 condicionem
557 2040 645 2126 apud
669 2043 832 2106 Romanos
855 2041 970 2127 paucis
993 2041 1161 2108 illustrem.

221 2147 290 2211 Iarn
309 2148 411 2213 altero
430 2155 506 2213 ante
526 2148 686 2214 Christum
706 2154 816 2213 natum
836 2148 967 2214 saeculo
988 2148 1132 2214 homines
1152 2168 1171 2213 e
1191 2167 1278 2214 com·

153 2253 298 2339 pluribus
318 2255 412 2321 terris
433 2256 576 2322 externis
589 2257 724 2320 Romam
738 2255 1001 2338 immigraverant
1014 2275 1054 2321 ac
1068 2254 1279 2340 peregrinam

153 2360 311 2426 luxuriam
341 2369 373 2427 et
395 2362 540 2448 perditos
563 2383 682 2441 mores,
707 2362 795 2428 velut
820 2360 1024 2428 »convivalia
1047 2360 1275 2426 lndcrnm·ob·

153 2465 367 2534 lectamenta«
393 2469 474 2550 (Liv.
489 2469 646 2548 XXXIX,
668 2473 698 2554 6,
714 2470 759 2552 8),
783 2469 816 2533 in
835 2468 945 2533 urbem
964 2469 1162 2535 invexerant.
1201 2469 1277 2536 Non

154 2573 285 2638 minima
309 2595 418 2642 eornm
442 2595 519 2661 pars
544 2583 614 2641 erat
638 2596 676 2641 ex
701 2575 841 2641 Graecia
865 2582 898 2642 et
921 2594 962 2643 ex
984 2575 1065 2641 Asia
1088 2582 1121 2640 et
1144 2576 1277 2640 nomine

153 2679 428 2747 Graeculorum
447 2683 682 2766 appellabatur;
708 2701 764 2748 ecs
779 2668 1007 2763 commemorat
1021 2682 1085 2746 iam
1104 2681 1220 2748 Oicero
1242 2684 1277 2746 in

151 2786 259 2854 Piscn.
274 2787 393 2867 XXIX,
410 2791 467 2871 703
483 2788 524 2854 de
539 2795 619 2856 crat.
634 2790 659 2873 I,
672 2794 723 2868 11,
734 2791 793 2872 473
804 2791 856 2868 22,
875 2791 948 2856 102.
973 2788 1102 2857 Tuscnl.
1116 2787 1141 2866 l,
1151 2791 1206 2873 35,
1218 2792 1273 2857 86.

221 2895 404 2960 Posteriore
427 2914 503 2960 vero
527 2900 670 2980 ternpore
693 2894 839 2963 homines
862 2895 1025 2981 peregrini
1049 2895 1147 2962 etiarn
1170 2896 1276 2961 multo

151 2998 260 3085 plnres
280 3022 320 3067 ex
339 3000 488 3086 Graecia,
512 3002 603 3087 Asia,
627 3002 702 3068 aliis
721 3003 815 3069 terris
834 3004 968 3067 Romam
983 3009 1146 3082 venerunt,
1172 3010 1277 3087 atque

152 3126 261 3174 eorum
284 3127 434 3173 numerus
458 3116 600 3175 extremo
630 3109 732 3194 primo
762 3116 794 3174 et
822 3110 952 3175 ineunte
975 3108 1117 3175 secundo
1141 3130 1173 3195 p.
1199 3109 1275 3178 cnr.

151 3234 180 3278 n.
207 3214 339 3280 saeculo
363 3215 396 3280 in
419 3217 497 3281 urbe
520 3214 580 3280 luit
603 3223 722 3294 tantus,
751 3224 786 3281 ut
808 3215 979 3282 multitudo
1003 3216 1095 3281 fieret
1117 3215 1273 3282 intolera-

150 3320 239 3399 bilis,
269 3322 460 3406 praesertim
493 3343 564 3388 curn
591 3323 749 3408 paulatim
777 3323 923 3389 omnibus
950 3323 1111 3389 artificiis:
1146 3323 1273 3402 frande,

150 3425 248 3505 dolis,
287 3427 440 3506 fallaciis,
480 3428 672 3513 mendaciis,
709 3430 913 3516 praestigiis,
951 3430 1049 3496 nimia
1078 3428 1272 3497 adulatione

149 3534 320 3618 plurimum
353 3535 441 3622 apud
473 3537 619 3603 homines
653 3558 777 3604 summa
809 3536 1023 3622 amplitudine
1054 3536 1203 3604 valerent
1239 3546 1273 3603 et

150 3641 237 3707 cives
265 3662 340 3708 vere
368 3644 530 3709 Romanos
560 3651 814 3729 praecurrerent.
861 3644 1130 3728 Frequentissimi
1160 3655 1269 3711 autern

149 3748 195 3813 illi
220 3749 365 3815 homines
389 3750 422 3816 in
451 3751 529 3816 urbe
557 3752 770 3818 versabantur
800 3750 964 3818 luvenalis
988 3758 1098 3817 aetate
1122 3758 1169 3832 et,
1205 3773 1271 3836 qua

148 3863 240 3922 erant
276 3857 444 3936 industria,
479 3859 636 3938 navitate,
672 3860 817 3924 vanitate
854 3867 951 3944 atqne
988 3858 1180 3940 iactatione,
1224 3863 1266 3924 in·

148 3965 338 4044 constantia,
363 3964 552 4045 mobilitate,
577 3965 676 4031 animi
699 3966 833 4032 levitate
857 3965 900 4031 ad
924 3966 1031 4032 omnia
1050 3966 1184 4049 negotia
1199 3967 1266 4052 apti

148 4076 180 4134 et
203 4069 329 4137 habiles
352 4071 597 4138 inveniebantur
621 4092 660 4137 ac
684 4074 881 4159 temporibus
906 4074 1100 4141 serviebant.

215 4175 338 4254 Quibus
371 4179 451 4244 locis
485 4179 715 4245 Graeculorum
749 4199 853 4246 mores
886 4180 1105 4265 asperioribus
1138 4179 1265 4247 facetiis

146 4285 343 4368 perstringit,
367 4285 408 4351 iis
427 4294 525 4370 poeta
544 4286 662 4353 multas
683 4306 780 4354 voces
795 4287 940 4354 Graecas
960 4307 1018 4373 per
1038 4286 1148 4353 odium
1168 4297 1265 4372 atque

147 4391 357 4457 acerbitatem
390 4392 537 4459 versibus
565 4392 733 4462 admiscet.
779 4395 816 4459 In
846 4393 907 4460 hcc
934 4414 1054 4478 genere
1081 4395 1266 4480 singulares
