2828 5002
818 382 863 450 54

347 578 471 647 Schol.
494 578 538 646 ad
560 578 591 646 b.
615 578 653 645 l.:
685 577 1053 657 »Quibus-sermonibus
1077 579 1225 646 Graecae
1247 576 1361 644 mulieres

279 685 313 752 in
336 687 507 755 concubitu
530 687 635 756 solent
657 687 828 753 blandiri«
1398 696 1400 701 “

640 831 682 896 In
704 830 852 898 litteris
876 829 1038 897 Graecis

279 938 377 1005 rerba
400 937 478 1027 Ζωὴ
501 943 563 1005 καὶ
586 931 681 1028 ψυχή
705 958 863 1023 nusquam
886 937 1057 1005 coniuncta
1079 938 1240 1023 leguntur.

645 1081 686 1152 In
709 1082 857 1150 litteris
880 1082 1034 1149 Latinis

278 1189 443 1256 enuntiato
467 1189 544 1279 Ζωὴ
567 1194 628 1256 καὶ
652 1196 747 1278 ψυχή
770 1191 869 1257 utitur
882 1190 1046 1257 Iuvenalis
1065 1189 1096 1257 h.
1112 1190 1134 1259 l.
1149 1210 1261 1275 unus3
1283 1185 1370 1256 similis

278 1304 329 1363 cst
351 1317 464 1365 versus
486 1298 593 1367 Mart.
617 1298 659 1377 Χ,
684 1300 737 1384 68,
761 1299 793 1368 5.

345 1402 397 1470 Ad
431 1403 527 1471 buius
564 1404 727 1471 Iuvenalis
763 1404 826 1472 loci
861 1404 1159 1490 interpretationem
1198 1405 1259 1471 hoo
1289 1403 1369 1470 dicen-

280 1509 356 1578 dum
381 1517 440 1579 est.
530 1598 534 1609 1

344 1619 442 1687 Moris
465 1639 505 1685 ac
524 1617 764 1687 consuetudinis
784 1627 862 1700 erat,
886 1626 921 1685 ut
939 1620 1089 1687 mulieres
1105 1621 1270 1687 Romanae
1285 1634 1372 1685 omnes

277 1726 376 1792 animi
400 1725 548 1793 adfectus
572 1733 770 1812 secretaque,
794 1726 949 1813 imprimis
979 1727 1085 1793 omnia
1108 1726 1326 1793 blandimenta
1345 1720 1373 1788 ad

278 1832 445 1900 libidinem
464 1832 678 1915 excitandam,
703 1834 829 1901 Graece
853 1833 1086 1919 eloquerentur.
1114 1834 1193 1922 Ζωὴ
1216 1839 1279 1901 καὶ
1300 1841 1318 1922 ψ
1342 1835 1373 1920 χή

278 1947 385 2008 autom
418 1947 511 2008 erant
541 1960 639 2008 voces
671 1940 811 2007 blandae
845 1941 992 2008 Graecae
1028 1940 1079 2026 [of.
1109 1941 1161 2020 VI,
1188 1945 1266 2026 191:
1305 1939 1374 2006 »vox

279 2046 399 2115 blanda
435 2054 468 2114 ct
503 2067 661 2133 nequam«
701 2055 733 2115 et
770 2069 852 2116 vers.
891 2069 954 2134 sq.:
996 2049 1116 2117 »Dicas
1154 2048 1238 2116 baec
1271 2047 1374 2114 mollins

278 2155 446 2241 Haemo‹]‚
469 2176 551 2240 quas
575 2155 606 2221 in
627 2156 806 2240 concubitu,
830 2162 864 2223 nt
883 2156 1144 2224 adulescentibus
1165 2156 1373 2229 blandirentur,

277 2282 358 2330 anns
394 2262 590 2330 libidinosae
629 2264 726 2331 edere
758 2263 916 2332 solebant.
971 2264 1019 2330 Ac
1055 2264 1198 2348 linguam
1238 2263 1375 2330 Graecam

277 2370 460 2438 amantibus
484 2372 548 2436 iam
576 2370 749 2438 Lucretii
779 2378 888 2438 aetate
916 2371 949 2436 in
978 2370 1103 2438 deliciis
1132 2371 1234 2439 fnisse
1262 2372 1376 2458 apparot

278 2499 318 2546 cx
340 2479 450 2547 Luor.
474 2478 529 2564 IV,
555 2480 641 2548 1160
664 2499 746 2565 sqq,
777 2499 838 2563 quo
866 2480 938 2544 loco
961 2479 1063 2544 multa
1086 2479 1248 2545 vocabula
1272 2479 1376 2546 Graeca

277 2583 321 2651 ad
344 2585 521 2653 amatorios
551 2585 649 2650 animi
681 2586 829 2652 adfectus
854 2584 1079 2672 exprimendos
1102 2586 1252 2654 versibus
1276 2586 1376 2654 inserta

277 2699 364 2773 sunt,
402 2692 442 2762 cf.
479 2693 575 2759 etiam
612 2690 905 2760 Fricdlaender:
947 2692 1208 2778 Sittengesch.
1247 2695 1289 2774 1⁶,
1317 2691 1375 2772 494,

277 2799 348 2867 infr.
382 2807 414 2866 et
445 2798 490 2865 ad
517 2800 624 2865 Mart.
652 2800 698 2886 X,
726 2802 783 2881 68,
812 2803 842 2867 5.
877 2800 1039 2866 Iuvenalis
1069 2801 1100 2869 h.
1128 2801 1148 2868 l.
1181 2809 1375 2868 matronarum

278 2906 487 2994 cupiditatem
520 2905 654 2973 voculas
686 2905 830 2974 Graecas
867 2908 1006 2974 sermoni
1042 2907 1159 2974 Latino
1195 2899 1375 2976 admiscendi

175 3084 180 3093 ,
277 3014 401 3081 aculeis
424 3013 548 3099 pungit.

278 3214 318 3309 d)
343 3211 485 3287 Voces
506 3210 711 3301 Graecae,
738 3235 915 3310 quarum
936 3214 1066 3288 altera
1085 3235 1171 3289 non
1190 3217 1292 3292 satis
1307 3231 1375 3311 per·

277 3338 437 3432 spicue,
463 3339 594 3413 altera
619 3339 722 3414 falso
747 3339 848 3414 mihi
872 3340 1038 3414 videtur
1058 3341 1269 3436 explicata
1288 3357 1375 3418 esse.

335 3554 368 3630 α)
395 3547 545 3618 Parnm
570 3547 747 3619 dllneida
771 3552 831 3725 {st
853 3549 1128 3725 ilrlniterpretatio
1151 3552 1333 3623 vocabuli

752 3675 863 3726 eene
910 3705 920 3726 .

672 3856 819 3924 Elencbus
842 3854 1003 3944 [ἕλεγχος].

330 3997 396 4087 Ἣ,
410 4001 492 4068 459:
517 3998 590 4066 »Nil
614 4019 679 4065 non
701 3998 857 4085 permittit
879 3999 992 4067 mulier
1016 4000 1087 4085 sibi,
1111 4008 1204 4088 turpe
1227 4009 1317 4090 putat
1334 3989 1375 4066 nil

513 4106 592 4173 Gnm
615 4104 736 4173 virides
760 4126 905 4191 gemmas
928 4106 1012 4174 collo
1034 4108 1244 4189 circumdedit
1268 4115 1299 4176 et
1319 4115 1374 4173 cum

512 4214 652 4280 Auribus
676 4212 816 4280 extentis
838 4234 975 4298 magnos
995 4215 1154 4283 commisit
1178 4216 1373 4285 elenchoo.‘

345 4336 468 4405 Schol.
502 4336 545 4404 ad
578 4337 609 4409 b.
638 4339 672 4408 l.t
710 4339 899 4406 >Commisit
930 4341 1079 4422 uniones,
1112 4343 1303 4427 margaritas
1331 4331 1374 4401 ob·

277 4444 425 4530 longua«
