2828 5002
694 346 742 412 IX
800 366 803 371 .

1194 462 1218 505 p.

373 543 398 597 3.
418 541 478 606 Quo
506 542 623 600 oonsilio
651 543 791 599 Iuvenalis
819 541 963 598 vocabulis
996 541 1120 607 Graecis,

417 648 491 700 quae
510 632 624 688 adrem
643 632 786 703 publicam
805 633 948 702 spectant,
967 631 997 685 in
1016 631 1119 686 saturis

417 738 483 774 usus
502 721 539 775 sit
572 761 1113 777 ................
1173 721 1278 775 93-91

417 810 447 876 a)
467 810 503 865 ad
521 828 580 866 rem
598 810 743 882 publicam
760 811 860 881 ipsam,
894 850 1113 864 .......
1209 811 1243 865 93

416 900 445 961 1))
465 900 500 953 ad
519 900 685 970 religionem
704 904 733 954 et
752 900 867 955 deorum
886 899 1006 954 cultum:

461 989 489 1055 α)
509 974 624 1045 deorum
643 989 857 1066 Aegyptiorum,
877 986 903 1055 β)
923 988 1078 1058 Cotytonis‚
1108 1030 1113 1042 .
1209 987 1244 1041 94

460 1078 486 1147 γ)
510 1078 625 1143 Baoohi3
654 1074 677 1146 δ)
702 1079 881 1142 ludaeorum;
891 1118 1112 1132 .......
1208 1078 1244 1132 95

467 1166 489 1233 ε)
514 1168 548 1222 de
566 1166 755 1223 Romanorum
775 1166 976 1237 superstitione
1000 1209 1005 1219 .
1035 1207 1041 1221 .
1070 1207 1076 1220 .
1106 1207 1112 1221 .
1208 1161 1243 1221 96

317 1257 351 1309 ll.
371 1257 494 1312 Nomina
513 1256 620 1313 Graeca
642 1275 694 1328 per
717 1257 824 1328 grande
848 1257 987 1325 quoddam
1008 1256 1119 1311 dicendi

372 1363 474 1415 genus:
499 1384 1112 1404 ..................
1172 1345 1278 1399 91-98

373 1436 396 1490 1.
416 1454 450 1490 ex
469 1436 572 1491 fabulis
592 1435 714 1502 Graecis,

371 1526 395 1578 2.
415 1542 449 1580 ex
468 1526 544 1596 poesi
566 1525 691 1592 elatiore,
710 1526 735 1580 3.
754 1525 784 1578 in
803 1524 958 1594 proverbiis
961 1564 1113 1578 .....
1208 1525 1243 1578 98

281 1608 284 1613 ’
304 1613 352 1667 111.
372 1614 460 1669 Voces
481 1614 604 1670 Graecae
623 1633 674 1685 per
692 1614 839 1685 parodiam
856 1653 1111 1668 ........
1172 1613 1277 1667 98-99

372 1704 395 1757 1.
415 1703 537 1759 Nomina
560 1704 736 1774 appellativa
764 1703 871 1758 Graeca
897 1720 949 1773 per
971 1702 1117 1772 parodiam

415 1792 442 1859 a)
462 1793 583 1858 Homeri,
602 1792 631 1861 b)
650 1792 770 1863 Vergilii
772 1833 1111 1848 ...........
1208 1793 1242 1846 98

369 1880 394 1936 2.
414 1881 536 1937 Nomina
554 1881 670 1952 propria
689 1882 796 1938 Graeca
814 1899 865 1952 per
878 1882 1025 1953 parodiam

415 1970 443 2037 a)
461 1971 588 2041 Vergilii,
607 1971 636 2039 1))
656 1970 750 2026 Ovidii
752 2013 1109 2027 ...........
1169 1973 1211 2026 98.
1242 1973 1277 2026 99

184 2078 220 2131 B.
246 2076 416 2142 Quomodo
446 2079 584 2134 nomina
613 2078 742 2134 Graeca
769 2097 829 2150 per
858 2079 1036 2134 Iuvenalis
1066 2097 1116 2134 sa-

243 2169 342 2221 turas
362 2166 589 2223 disseminata
608 2169 680 2222 sint
713 2208 1111 2223 ............
1152 2168 1277 2222 99-100

186 2272 218 2327 C.
243 2272 290 2328 De
309 2274 449 2329 vocibus
475 2274 627 2340 Graecis,
652 2293 737 2344 quae
762 2276 794 2329 in
818 2274 955 2331 litteris
976 2275 1116 2331 Graecis

244 2380 311 2416 non
330 2363 494 2432 leguntur
531 2404 1108 2419 .................
1178 2364 1231 2418 100

185 2469 221 2523 D.
241 2469 776 2525 Nonnulladeterminationum
797 2471 1003 2525 Graecarum
1023 2488 1084 2524 usu
1104 2512 1109 2524 .
1135 2471 1276 2525 101—102

253 2559 274 2612 l.
299 2559 522 2615 Terminationes
543 2558 666 2615 Graecae
683 2577 811 2615 sermone
830 2558 930 2615 Latino
949 2558 1043 2623 tritae,

239 2646 274 2700 ll.
300 2648 382 2702 certis
406 2649 440 2703 de
464 2649 568 2703 causis:
592 2650 620 2717 a)
643 2649 726 2704 metri
749 2666 842 2715 causa,
867 2649 896 2713 1))
920 2646 1116 2704 Graecissandi

298 2755 383 2792 eausa
401 2742 562 2807 usurpatae.

626 2912 715 2983 Cap.
735 2910 790 2970 111
795 2953 1109 2972 ..........
1134 2916 1275 2971 103-152

147 3023 274 3093 arara
293 3023 398 3093 prima:
422 3027 469 3080 De
487 3041 601 3081 vocum
620 3027 811 3080 Graecarum
830 3024 913 3093 apud
930 3025 1116 3080 Iuvenalem

204 3116 346 3169 numeris
365 3119 398 3170 et
416 3116 592 3170 rationibus
603 3154 1107 3169 ...............
1133 3112 1274 3168 103-105

205 3221 234 3279 al
258 3220 410 3276 Nominum
421 3220 592 3277 Graecorum
606 3225 634 3276 et
649 3220 887 3291 appellativorum
898 3223 927 3276 et
936 3220 1115 3290 propriorum

260 3309 289 3363 in
308 3310 428 3380 singulis
447 3311 590 3365 luvenalis
609 3310 713 3365 saturis
732 3309 842 3365 numeri
861 3312 889 3364 et
907 3309 1031 3365 rationes
1068 3350 1073 3362 .
1103 3350 1108 3361 .
1134 3309 1274 3364 103-104

204 3397 235 3465 b)
258 3399 376 3454 Numeri
383 3400 509 3455 omnium
515 3399 598 3454 huius
608 3402 710 3470 poetae
722 3398 866 3455 nominum
877 3398 1114 3469 appellativorum

261 3487 443 3554 Graecorum,
471 3489 530 3544 sive
558 3507 591 3544 ea
619 3506 653 3543 ex
676 3506 803 3544 sermone
827 3486 967 3543 cotidiano
996 3488 1056 3543 sive
1080 3506 1113 3542 ex

260 3577 363 3632 litteris
382 3578 564 3648 deprompsit,
584 3577 643 3633 sive
661 3577 722 3647 ipse
741 3577 875 3633 formavit
887 3617 1107 3631 .......
1115 3648 1119 3654 ,
1178 3574 1229 3631 101

209 3664 236 3731 ο)
260 3664 376 3722 Praeter
408 3670 478 3735 quot
509 3665 623 3722 nomina
655 3665 831 3737 appellativa
863 3666 970 3722 Graeca
1002 3668 1115 3722 exstent

260 3755 370 3819 Latina,
389 3759 502 3826 praeter
521 3759 591 3826 quot
609 3754 702 3811 desint
743 3796 1106 3812 ...........
1177 3754 1229 3807 105

149 3864 178 3917 Β.
203 3862 274 3917 Pars
294 3863 397 3919 altera:
424 3866 588 3920 Iuvenalis
613 3880 718 3920 sermo
746 3869 947 3934 comparatur
969 3881 1038 3919 cum
1061 3863 1114 3918 ali·

203 3968 296 4008 orum
314 3956 502 4022 scriptorum
519 3955 704 4010 Latinorum
710 3992 1107 4008 ............
1132 3949 1273 4004 105-142

217 4060 239 4113 1.
260 4059 501 4130 Compluribus
516 4060 713 4116 nominibus
728 4057 957 4130 appellativis
973 4056 1111 4113 Graecis
1132 4054 1271 4110 lou-107

259 4149 436 4204 Iuvenalis
455 4150 490 4203 in
509 4149 643 4204 litteris
662 4148 797 4204 Latinis
817 4147 930 4202 utitur

260 4239 284 4291 1.
304 4256 316 4291 s
335 4239 345 4291 l

304 4256 334 4394 τι)
346 4256 385 4382 ζει
393 4327 522 4384 omnibus
532 4327 716 4398 scriptoribus
727 4325 843 4392 Latinis,
853 4325 884 4393 b]
895 4342 930 4380 ex
939 4325 1030 4396 poetis
1040 4324 1110 4388 Lat,
1175 4323 1226 4379 10⁵

307 4415 332 4484 o)
351 4434 403 4487 per
420 4416 647 4480 translationem
673 4453 1105 4471 .............
1175 4413 1227 4468 106
