2828 5002
603 39 647 90 bb

520 114 733 125 uua—nn*-

52 222 91 282 et'
114 219 270 288 Psecas
298 219 419 286 ancilla
452 226 588 305 agentes
624 219 776 287 inductae
808 226 913 300 erant,
940 220 1002 286 *vix
1031 220 1185 287 dubitem.

11 366 17 409 p
57 321 154 402 Quae
187 348 244 417 res¹
275 328 304 395 si
336 328 384 393 ita
415 333 479 406 est,
515 347 630 394 nomen
663 329 808 395 Psecas
840 329 890 394 bis
922 328 1185 413 ascriptoribus

11 412 20 527 i
61 430 189 502 Latinis
226 443 278 503 cst
313 433 450 501 inditum
490 435 666 522 nymphae,
713 434 796 501 deae
833 434 971 501 alicuius
1009 435 1185 502 ministrae.

11 538 23 615 ὲ
67 539 248 609 Posteriorc
271 549 380 625 autem
407 548 516 610 aetate
540 544 685 610 Psecas
706 542 839 613 uidetur
866 561 967 627 saepe
994 542 1184 608 ancillarum

11 680 26 721 ς
73 668 179 716 nomen
201 649 312 736 fuisso,
335 656 371 716 ut
394 669 434 716 ex
458 651 573 718 lusor.
598 649 654 715 illa
679 650 749 731 (ΙΙΙ,
764 653 797 731 a)
822 649 930 732 colligi
954 656 1070 734 potest,
1094 656 1131 715 et·
1150 649 1184 713 in

25 752 34 823 l
78 756 201 823 eandem
226 757 433 840 sententiam,
465 757 528 824 nisi
557 757 664 823 omnia
692 777 743 824 me
771 756 901 836 fallunt,
925 755 1089 823 Iuvenalis
1113 756 1184 822 loco

11 828 40 935 ιι
81 865 204 934 nominis
227 885 306 933 usus
328 864 590 951 interpretandus
615 870 674 932 est.

18 1086 30 1127 ς,
136 1044 222 1113 llaec
246 1044 360 1133 habui,
388 1065 472 1131 quae
500 1044 542 1113 de
571 1043 787 1130 compluribus
814 1043 947 1110 vocibus
972 1042 1108 1110 Graecis
1138 1042 1184 1107 di·

25 1189 30 1197 ·
85 1170 182 1219 cerem.
241 1151 324 1237 Sed,
360 1159 396 1218 nt
431 1152 530 1218 totius
563 1150 764 1236 quaestionis
797 1150 937 1236 speciem
975 1170 1015 1216 ac
1052 1148 1186 1216 sormam

11 1242 21 1254 '⁵
85 1257 266 1338 mambrem,
305 1279 433 1327 omnes
479 1258 680 1326 Iuvenalis
716 1278 831 1325 voces
875 1259 1046 1326 Graecas
1088 1256 1188 1325 locis

12 1406 27 1464 r]
87 1364 237 1435 allectis
270 1366 478 1434 secundum
506 1373 614 1434 certa
641 1386 785 1451 genera
813 1365 1032 1452 dispositas
1061 1385 1186 1433 enume-

86 1462 158 1541 rabi.
201 1472 306 1552 Quam
336 1473 527 1541 divisionem
560 1474 629 1540 iore
658 1474 804 1545 omnibus
832 1473 971 1539 numeris
999 1471 1181 1539 absolutam

10 1565 31 1679 ’ξ
89 1598 136 1645 uon
155 1581 275 1667 recipio
295 1602 400 1666 neque
415 1581 576 1667 sponde03
607 1602 682 1646 nam
703 1588 738 1647 ut
756 1581 817 1647 huc
837 1581 922 1647 ellici
941 1582 1055 1667 possit,
1078 1599 1186 1646 unum-

90 1687 218 1774 quodque
240 1689 432 1755 vooabulum
462 1689 620 1757 Graecum
650 1687 822 1774 diligenter
850 1689 1049 1755 elaboratum
1074 1687 1187 1754 eudem

89 1793 178 1874 nodo,
214 1817 277 1881 quo
310 1816 409 1882 supra
448 1797 481 1862 in
513 1796 732 1883 compluribus
765 1797 897 1862 vocibus
936 1795 1079 1880 ostendi,
1117 1815 1186 1881 per·

27 1940 41 2001 4.
90 1903 271 1971 meandum
296 1910 355 1972 est.

520 2033 733 2041 *-

92 2166 216 2290 lapillo
237 2175 349 2294 primi
367 2200 462 2294 pars
480 2175 698 2292 posterior:
729 2173 927 2264 Nominum
945 2173 1186 2264 Graecorum

33 2362 38 2375 ·
92 2317 122 2401 el
136 2318 456 2439 appellativorum
477 2326 518 2408 et
539 2317 802 2436 propriorum,
823 2341 924 2432 quae
942 2316 979 2407 io
997 2314 1200 2432 luvenalis*

354 2461 507 2553 saturis
531 2460 728 2578 loquutur,
750 2459 901 2550 divisio.

231 2697 284 2772 A.
318 2695 503 2771 Nomina
531 2693 787 2790 appellativa
817 2690 1025 2773 Graeca.¹)

10 2911 30 2952 a
138 2888 200 2969 Qui
231 2891 416 2959 universum
446 2890 674 2958 vocabulorum
707 2889 918 2969 Graecorum,
952 2906 1037 2973 quae
1070 2888 1101 2952 in
1135 2888 1185 2953 Iu·

19 3032 25 3039 ·
79 2998 191 3067 venalis
219 3001 338 3068 autumo
362 2998 578 3084 inveniuntur,
611 3017 775 3064 numerum
805 2996 907 3063 oculis
936 2996 1188 3082 perlustraverit

10 3106 16 3161 ³·
79 3095 181 3173 ilatim
204 3106 373 3191 intelleget

132 3221 258 3300 partem
283 3234 392 3281 eornm
416 3213 515 3280 multo
538 3213 694 3279 maiorem
718 3211 818 3278 inisse

69 3310 129 3380 '01
162 3321 263 3409 apud
296 3341 426 3388 omnes
459 3321 622 3413 Latinos
654 3319 714 3384 vel
747 3317 849 3404 apud
880 3317 1054 3384 homines
1092 3318 1191 3404 poli·

202 3429 316 3507 tioris
338 3428 593 3495 humanitatis
617 3427 673 3493 illo
688 3432 830 3511 tempore
854 3425 1058 3508 usitatam,

139 3535 303 3621 aliquanto
326 3535 497 3621 pauciores
522 3553 724 3612 cancroma,
750 3553 833 3616 quae

240 3642 543 3711 reconditiorem
569 3641 827 3708 eruditionem
852 3639 1016 3726 sapiant.

65 3744 282 3782 N...-

146 3837 167 3908 ¹)
183 3842 216 3897 In
233 3842 287 3898 hoc
305 3857 410 3912 genere
429 3841 629 3896 enumerantur
653 3855 748 3894 omnes
773 3855 855 3894 voces
875 3837 1011 3902 Graecae,
1036 3853 1108 3904 quae
1127 3853 1193 3891 non

66 3922 297 3987 ⁸¹¹11tnominn
315 3930 460 4002 propriu
479 3929 599 3993 Graeca;
619 3946 691 3997 quae
705 3927 820 3983 nomina
836 3926 1011 3998 appellativa
1024 3925 1127 3979 Latina
1141 3942 1192 3995 ego

68 4012 104 4058 0¹
127 4015 224 4091 lingna
242 4021 351 4077 Graeca
369 4037 430 4076 esse
448 4021 562 4089 sumpta
579 4021 658 4089 pubo,
683 4035 717 4074 ea
734 4017 830 4074 omnia
848 4018 905 4073 iam
923 4015 1039 4073 Weise
1057 4015 1075 4069 l.
1095 4016 1113 4069 Ι.
1134 4031 1193 4071 esse

70 4084 198 4167 Grbaccae
218 4109 336 4183 originis
355 4108 567 4167 demonstrarit.
